% Encoding: UTF-8

@article{abouzahr2003global,
  title						={Global burden of maternal death and disability},
  author					={AbouZahr, Carla},
  journal					={Br Med Bull},
  volume					={67},
  pages						={1--11},
  year						={2003},
  publisher					={British Council}
}

@article{aburto2018lifespan,
  title						={Lifespan dispersion in times of life expectancy fluctuation: the case of Central and Eastern Europe},
  author					={Aburto, Jos{\'e} Manuel and van Raalte, Alyson},
  journal					={Demography},
  volume					={55},
  pages						={2071--2096},
  year						={2018},
  publisher					={Springer}
}

@article{aburto2018potential,
  title						={Potential gains in life expectancy by reducing inequality of lifespans in Denmark: an international comparison and cause-of-death analysis},
  author					={Aburto, Jos{\'e} Manuel and Wensink, Maarten and van Raalte, Alyson and Lindahl-Jacobsen, Rune},
  journal					={BMC Public Health},
  volume					={18},
  pages						={831},
  year						={2018},
  publisher					={BioMed Central}
}

@Article{andersen1999,
  title                    ={The Danish National Hospital Register. A valuable source of data for modern health sciences},
  author                   ={Andersen, Tavs Folmer and Madsen, Mette and J{\o}rgensen, J{\o}rgen and Mellemkjaer, Lene and Olsen, J{\o}rgen H.},
  journal                  ={Dan Med Bull},
  year                     ={1999},
  pages                    ={263--268},
  volume                   ={46}
}

@article{andersen2011predictors,
  title						={Predictors of early and late case-fatality in a nationwide {D}anish study of 26 818 patients with first-ever ischemic stroke},
  author					={Andersen, Klaus Kaae and Andersen, Zorana Jovanovic and Olsen, Tom Skyh{\o}j},
  journal					={Stroke},
  volume					={42},
  pages						={2806--2812},
  year						={2011},
  publisher					={Am Heart Assoc}
}

@article{annandale2007gender,
  title					={Gender and access to healthcare in the UK: a critical interpretive synthesis of the literature},
  author				={Annandale, Ellen and Harvey, Janet and Cavers, Debbie and Dixon-Woods, Mary},
  journal				={Evid Policy},
  volume				={3},
  pages					={463--486},
  year					={2007}
}

@article{adeyemi2007men,
  title						={Men's health help-seeking and implications for practice},
  author					={Adeyemi, Sherry A},
  journal					={Am J Health Stud},
  volume					={22},
  pages						={88},
  year						={2007},
  publisher					={Expert Health Data System, Inc.}
}

@article{akbar2017cohort,
  title						={Cohort profile: Scottish diabetes research network type 1 bioresource study (SDRNT1BIO)},
  author					={Akbar, Tahira and McGurnaghan, Stuart and Palmer, Colin NA and Livingstone, Shona J and Petrie, John and Chalmers, John and Lindsay, Robert S and McKnight, John A and Pearson, Donald WM and Patrick, Alan W and others},
  journal					={Int J Epidemiol},
  volume					={46},
  pages						={796--796i},
  year						={2017},
  publisher					={Oxford University Press}
}

@article{appelros2010review,
  title							={A review on sex differences in stroke treatment and outcome},
  author						={Appelros, Peter and Stegmayr, B and Ter{\'e}nt, Andreas},
  journal						={Acta Neurol Scand},
  volume						={121},
  pages							={359--369},
  year							={2010},
  publisher						={Wiley Online Library}
}

@article{appelros2009sex,
  title							={Sex differences in stroke epidemiology a systematic review},
  author						={Appelros, Peter and Stegmayr, Birgitta and Ter{\'e}nt, Andreas},
  journal						={Stroke},
  volume						={40},
  pages							={1082--1090},
  year							={2009},
  publisher						={Am Heart Assoc}
}

@article{austad2006women,
  title				={Why women live longer than men: sex differences in longevity},
  author			={Austad, Steven N},
  journal			={Gend Med},
  volume			={3},
  pages				={79--92},
  year				={2006},
  publisher			={Elsevier}
}

@article{austad2016sex,
  title				={Sex differences in lifespan},
  author			={Austad, Steven N and Fischer, Kathleen E},
  journal			={Cell Metab},
  volume			={23},
  pages				={1022--1033},
  year				={2016},
  publisher			={Elsevier}
}

@article{avlund2004social,
  title				={Social relations as determinant of onset of disability in aging},
  author			={Avlund, Kirsten and Lund, Rikke and Holstein, Bj{\o}rn E and Due, Pernille},
  journal			={Arch Gerontol Geriatr},
  volume			={38},
  pages				={85--99},
  year				={2004},
  publisher			={Elsevier}
}

@article{bambra2009gender,
  title				={Gender, health inequalities and welfare state regimes: a cross-national study of 13 European countries},
  author			={Bambra, Clare and Pope, Daniel and Swami, Viren and Stanistreet, Debbi and Roskam, A and Kunst, Anton and Scott-Samuel, Alex},
  journal			={J Epidemiol Community Health},
  volume			={63},
  pages				={38--44},
  year				={2009},
  publisher			={BMJ Publishing Group Ltd}
}

@article{baker2011education,
  title				={The education effect on population health: a reassessment},
  author			={Baker, David P and Leon, Juan and Smith Greenaway, Emily G and Collins, John and Movit, Marcela},
  journal			={Popul Dev Rev},
  volume			={37},
  pages				={307--332},
  year				={2011},
  publisher			={Wiley Online Library}
}

@article{banks2013men,
  title				={Men and primary care: improving access and outcomes},
  author			={Banks, Ian and Baker, Peter},
  journal			={Trends Urol \& Men's Health},
  volume			={4},
  pages				={39--41},
  year				={2013}
}

@article{barford2006life,
  title				={Life expectancy: women now on top everywhere},
  author			={Barford, Anna and Dorling, Danny and Davey Smith, G and Shaw, Mary},
  journal			={BMJ},
  volume			={332},
  year				={2006}
}

@Article{barret2011,
  Title				={Sex differences in telomeres and lifespan},
  Author			={Barret, E.L.B. and Richardson, D.S.},
  Journal			={Aging Cell},
  Year				={2011},
  Pages				={913-921},
  Volume			= {10}
}

@article{beltran2014going,
  title				={Going beyond the disability-based morbidity definition in the compression of morbidity framework},
  author			={Beltr{\'a}n-S{\'a}nchez, Hiram and Razak, Fahad and Subramanian, SV},
  journal			={Glob Health Action},
  volume			={7},
  pages				={24766},
  year				={2014},
  publisher			={Taylor \& Francis}
}

@article{beltran2015,
  title				={Twentieth century surge of excess adult male mortality},
  author			={Beltr{\'a}n-S{\'a}nchez, Hiram and Finch, Caleb E and Crimmins, Eileen M},
  journal			={Proc Natl Acad Sci USA},
  volume			={112},
  pages				={8993--8998},
  year				={2015},
  publisher			={National Academy of Sciences}
}

@article{beltran2015past,
  title				={Past, present, and future of healthy life expectancy},
  author			={Beltr{\'a}n-S{\'a}nchez, Hiram and Soneji, Samir and Crimmins, Eileen M},
  journal			={Cold Spring Harb Perspect Med},
  volume			={5},
  pages				={a025957},
  year				={2015},
  publisher			={Cold Spring Harbor Laboratory Press}
}

@article{berger2009sex,
  title				={Sex differences in mortality following acute coronary syndromes},
  author			={Berger, Jeffrey S and Elliott, Laine and Gallup, Dianne and Roe, Matthew and Granger, Christopher B and Armstrong, Paul W and Simes, R John and White, Harvey D and Van de Werf, Frans and Topol, Eric J and others},
  journal			={JAMA},
  volume			={302},
  pages				={874--882},
  year				={2009},
  publisher			={American Medical Association}
}

@article{bergeron2015decomposing,
  title				={Decomposing changes in life expectancy: compression versus shifting mortality},
  author			={Bergeron-Boucher, Marie-Pier and Ebeling, Marcus and Canudas-Romo, Vladimir},
  journal			={Demogr Res},
  volume			={33},
  pages				={391--424},
  year				={2015}
}

@article{beard2015towards,
  title				={Towards a comprehensive public health response to population ageing},
  author			={Beard, John R and Bloom, David E},
  journal			={Lancet},
  volume			={385},
  pages				={658--661},
  year				={2015}
}

@article{blacher2016epidemiological,
  title				= {From epidemiological transition to modern cardiovascular epidemiology: hypertension in the 21st century},
  author			= {Blacher, Jacques and Levy, Bernard I and Mourad, Jean-Jacques and Safar, Michel E and Bakris, George},
  journal			= {Lancet},
  volume			= {388},
  pages				= {530--532},
  year				= {2016},
  publisher			= {Elsevier}
}

@article{bleijenberg2012dutch,
  title				={Dutch nursing students’ knowledge and attitudes towards older people-A longitudinal cohort study},
  author			={Bleijenberg, Nienke},
  journal			={J Nurs Educ Pract},
  volume			={2},
  pages				={1--8},
  year				={2012}
}

@article{busse2002use,
  title				={Use of acute hospital beds does not increase as the population ages: results from a seven year cohort study in {G}ermany},
  author			={Busse, R and Krauth, C and Schwartz, FW},
  journal			={J Epidemiol Community Health},
  volume			={56},
  pages				={289--293},
  year				={2002},
  publisher			={BMJ Publishing Group}
}

@article{billings1993impact,
  title				={Impact of socioeconomic status on hospital use in New York City},
  author			={Billings, John and Zeitel, Lisa and Lukomnik, Joanne and Carey, Timothy S and Blank, Arthur E and Newman, Laurie},
  journal			={Health Aff},
  volume			={12},
  pages				={162--173},
  year				={1993},
  publisher			={Health Aff}
}

@article{bouman2005sex,
  title				={Sex hormones and the immune response in humans},
  author			={Bouman, Annechien and Heineman, Maas Jan and Faas, Marijke M},
  journal			={Hum Reprod Update},
  volume			={11},
  pages				={411--423},
  year				={2005},
  publisher			={ESHRE}
}

@article{bolund2016reduced,
  title				={Reduced costs of reproduction in females mediate a shift from a male-biased to a female-biased lifespan in humans},
  author			={Bolund, Elisabeth and Lummaa, Virpi and Smith, Ken R and Hanson, Heidi A and Maklakov, Alexei A},
  journal			={Sci Rep},
  volume			={6},
  pages				={24672},
  year				={2016},
  publisher			={Nature Publishing Group}
}

@article{bobak2003relative,
  title				={Relative and absolute gender gap in all-cause mortality in Europe and the contribution of smoking},
  author			={Bobak, Martin},
  journal			={Eur J Epidemiol},
  volume			={18},
  pages				={15--18},
  year				={2003},
  publisher			={Springer}
}

@article{bodenheimer2009confronting,
  title				={Confronting the growing burden of chronic disease: can the US health care workforce do the job?},
  author			={Bodenheimer, Thomas and Chen, Ellen and Bennett, Heather D},
  journal			={Health Aff},
  volume			={28},
  pages				={64--74},
  year				={2009}
}

@article{bohk2018forecast,
  title				={Forecast accuracy hardly improves with method complexity when completing cohort fertility},
  author			={Bohk-Ewald, Christina and Li, Peng and Myrskyl{\"a}, Mikko},
  journal			={Proc Natl Acad Sci USA},
  pages				={9187--9192},
  year				={2018}
}

@article{borodulin2017cohort,
  title				={Cohort profile: the national FINRISK Study},
  author			={Borodulin, Katja and Tolonen, Hanna and Jousilahti, Pekka and Jula, Antti and Juolevi, Anne and Koskinen, Seppo and Kuulasmaa, Kari and Laatikainen, Tiina and M{\"a}nnist{\"o}, Satu and Peltonen, Markku and others},
  journal			={Int J Epidemiol},
  volume			={47},
  pages				={696--696i},
  year				={2017},
  publisher			={Oxford University Press}
}

@article{brandt2012tracing,
  title				={Tracing the origins of successful aging: the role of childhood conditions and social inequality in explaining later life health},
  author			={Brandt, Martina and Deindl, Christian and Hank, Karsten},
  journal			={Soc Sci Med},
  volume			={74},
  number			={9},
  pages				={1418--1425},
  year				={2012},
  publisher			={Elsevier}
}

@article{brindle2012eliciting,
  title				={Eliciting symptoms interpreted as normal by patients with early-stage lung cancer: could GP elicitation of normalised symptoms reduce delay in diagnosis? Cross-sectional interview study},
  author			={Brindle, Lucy and Pope, Catherine and Corner, Jessica and Leydon, Geraldine and Banerjee, Anindo},
  journal			={BMJ open},
  volume			={2},
  pages				={e001977},
  year				={2012}
}

@article{breyer2010ageing,
  title				={Ageing, health, and health care},
  author			={Breyer, Friedrich and Costa-Font, Joan and Felder, Stefan},
  journal			={Oxford Rev Econ Pol},
  volume			={26},
  pages				={674--690},
  year				={2010},
  publisher			={Oxford University Press}
}

@article{brooks2017modeling,
  title				={Modeling zero-inflated count data with glmmTMB},
  author			={Brooks, Mollie E and Kristensen, Kasper and van Benthem, Koen J and Magnusson, Arni and Berg, Casper W and Nielsen, Anders and Skaug, Hans J and Maechler, Martin and Bolker, Benjamin M},
  journal			={bioRxiv},
  pages				={132753},
  year				={2017}
}

@article{bronnum2000socioeconomic,
  title				={Socioeconomic differences in health expectancy in Denmark},
  author			={Br{\o}nnum-Hansen, Henrik},
  journal			={Scand J Public Health},
  volume			={28},
  pages				={194--199},
  year				={2000},
  publisher			={Sage Publications Sage UK: London, England}
}

@article{bronnum2005health,
  title				={Health expectancy in Denmark, 1987--2000},
  author			={Br{\o}nnum-Hansen, Henrik},
  journal			={Eur J Public Health},
  volume			={15},
  pages				={20--25},
  year				={2005},
  publisher			={Oxford University Press}
}

@article{bronnum2007increasing,
  title				={Increasing social inequality in life expectancy in Denmark},
  author			={Br{\o}nnum-Hansen, Henrik and Baadsgaard, Mikkel},
  journal			={Eur J Public Health},
  volume			={17},
  pages				={585--586},
  year				={2007},
  publisher			={Oxford University Press}
}

@article{bronnum2012widening,
  title				={Widening social inequality in life expectancy in Denmark. A register-based study on social composition and mortality trends for the Danish population},
  author			={Br{\o}nnum-Hansen, Henrik and Baadsgaard, Mikkel},
  journal			={BMC Public Health},
  volume			={12},
  pages				={994},
  year				={2012},
  publisher			={BioMed Central}
}

@article{bronnum2017socially,
  title				={Socially disparate trends in lifespan variation: a trend study on income and mortality based on nationwide Danish register data},
  author			={Br{\o}nnum-Hansen, Henrik},
  journal			={BMJ open},
  volume			={7},
  pages				={e014489},
  year				={2017},
  publisher			={British Medical Journal Publishing Group}
}

@article{byrnes1999gender,
  title				={Gender differences in risk taking: A meta-analysis.},
  author			={Byrnes, James P and Miller, David C and Schafer, William D},
  journal			={Psychol Bull},
  volume			={125},
  pages				={367--383},
  year				={1999}
}

@article{case2005sex,
  title				={Sex differences in morbidity and mortality},
  author			={Case, Anne and Paxson, Christina},
  journal			={Demography},
  volume			={42},
  pages				={189--214},
  year				={2005},
  publisher			={Springer}
}

@article{campisi2013aging,
  title				={Aging, cellular senescence, and cancer},
  author			={Campisi, Judith},
  journal			={Annu Rev Physiol},
  volume			={75},
  pages				={685--705},
  year				={2013}
}

@article{carter1992modeling,
  title				={Modeling and forecasting US sex differentials in mortality},
  author			={Carter, Lawrence R and Lee, Ronald D},
  journal			={Int J Forecast},
  volume			={8},
  pages				={393--411},
  year				={1992},
  publisher			={Elsevier}
}

@article{chambers2012systematic,
  title				={A systematic review of the impact of stigma and nihilism on lung cancer outcomes},
  author			={Chambers, Suzanne K and Dunn, Jeffrey and Occhipinti, Stefano and Hughes, Suzanne and Baade, Peter and Sinclair, Sue and Aitken, Joanne and Youl, Pip and O’Connell, Dianne L},
  journal			={BMC Cancer},
  volume			={12},
  pages				={184},
  year				={2012}
}

@article{chang2009gender,
  title				={Gender differences in healthcare service utilisation 1 year before suicide: national record linkage study},
  author			={Chang, Chia-Ming and Liao, Shih-Cheng and Chiang, Hung-Chi and Chen, Ying-Yeh and Tseng, Kwan-Cho and Chau, Yeuk-Lun and Chang, Hsiu-Ju and Lee, Ming-Been},
  journal			={Br J Psychiatry},
  volume			={195},
  pages				={459--460},
  year				={2009}
}

@book{chiang1984lifetable,
  title					={The life table and its applications},
  author				={Chiang, CL},
  year					={1984},
  publisher				={Krieger Pub. Co.}
}

@article{christakis2006mortality,
  title				={Mortality after the hospitalization of a spouse},
  author			={Christakis, Nicholas A and Allison, Paul D},
  journal			={N Engl J Med},
  volume			={354},
  pages				={719--730},
  year				={2006},
  publisher			={Massachusetts Medical Society}
}

@article{christensen2008exceptional,
  title				={Exceptional longevity does not result in excessive levels of disability},
  author			={Christensen, Kaare and McGue, Matt and Petersen, Inge and Jeune, Bernard and Vaupel, James W},
  journal			={Proc Natl Acad Sci USA},
  volume			={105},
  pages				={13274--13279},
  year				={2008},
  publisher			={National Acad Sciences}
}

@article{christensen2009ageing,
  title				={Ageing populations: the challenges ahead},
  author			={Christensen, Kaare and Doblhammer, Gabriele and Rau, Roland and Vaupel, James W},
  journal			={Lancet},
  volume			={374},
  pages				={1196--1208},
  year				={2009},
  publisher			={Elsevier}
}

@article{christensen2001x,
  title				={The X chromosome and the female survival advantage},
  author			={Christensen, Kaare and {\O}rstavik, Karen Helene and Vaupel, James W},
  journal			={Ann NY Acad Sci},
  volume			={954},
  number			={1},
  pages				={175--183},
  year				={2001},
  publisher			={Wiley Online Library}
}

@article{coxe2009,
  title				={The analysis of count data: A gentle introduction to Poisson regression and its alternatives},
  author			={Coxe, Stefany and West, Stephen G and Aiken, Leona S},
  journal			={J Pers Assess},
  volume			={91},
  pages				={121--136},
  year				={2009},
  publisher			={Taylor \& Francis}
}

@article{chan2010gender,
  title				={Gender roles and help-seeking behaviour promoting professional help among Japanese men},
  author			={Chan, Raymond KH and Hayashi, Kiyoshi},
  journal			={J Soc Work},
  volume			={10},
  pages				={243--262},
  year				={2010},
  publisher			={Sage Publications}
}

@article{christensen2014addressing,
  title				={Addressing social inequality in aging by the Danish occupational social class measurement},
  author			={Christensen, Ulla and Kr{\o}lner, Rikke and Nilsson, Charlotte J and Lyngbye, Pernille W and Hougaard, Charlotte {\O} and Nygaard, Else and Thielen, Karsten and Holstein, Bj{\o}rn E and Avlund, Kirsten and Lund, Rikke},
  journal			={J Aging Health},
  volume			={26},
  pages				={106--127},
  year				={2014},
  publisher			={Sage Publications Sage CA: Los Angeles, CA}
}

@article{engelman2010implications,
  title				={The implications of increased survivorship for mortality variation in aging populations},
  author			={Engelman, Michal and Canudas-Romo, Vladimir and Agree, Emily M},
  journal			={Popul Dev Rev},
  volume			={36},
  pages				={511--539},
  year				={2010},
  publisher			={Wiley Online Library}
}

@article{clayton2016reporting,
  title				={Reporting sex, gender, or both in clinical research?},
  author			={Clayton, Janine Austin and Tannenbaum, Cara},
  journal			={JAMA},
  volume			={316},
  pages				={1863--1864},
  year				={2016},
  publisher			={American Medical Association}
}

@article{clark2012examining,
  title				={Examining the Gender Gap in Life Expectancy: A Cross-National Analysis, 1980--2005},
  author			={Clark, Rob and Peck, B Mitchell},
  journal			={Soc Sci Q},
  volume			={93},
  pages				={820--837},
  year				={2012},
  publisher			={Wiley Online Library}
}

@article{clegg2013frailty,
  title				={Frailty in elderly people},
  author			={Clegg, Andrew and Young, John and Iliffe, Steve and Rikkert, Marcel Olde and Rockwood, Kenneth},
  journal			={Lancet},
  volume			={381},
  pages				={752--762},
  year				={2013},
  publisher			={Elsevier}
}

@article{cook2011,
  title				={Sex Disparities in Cancer Mortality and Survival},
  author			={Cook, Michael B and McGlynn, Katherine A and Devesa, Susan S and Freedman, Neal D and Anderson, William F},
  journal			={Cancer Epidemiol Biomarkers Prev},
  volume			={20},
  pages				={1629--1637},
  year				={2011},
  publisher			={American Association for Cancer Research}
}

@article{corner2006experience,
  title				={Experience of health changes and reasons for delay in seeking care: a UK study of the months prior to the diagnosis of lung cancer},
  author			={Corner, Jessica and Hopkinson, Jane and Roffe, Liz},
  journal			={Soc Sci Med},
  volume			={62},
  pages				={1381--1391},
  year				={2006}
}

@article{corner2005late,
  title				={Is late diagnosis of lung cancer inevitable? Interview study of patients’ recollections of symptoms before diagnosis},
  author			={Corner, J and Hopkinson, J and Fitzsimmons, D and Barclay, S and Muers, M},
  journal			={Thorax},
  volume			={60},
  pages				={314--319},
  year				={2005}
 }

 @article{cosselman2015environmental,
  title				={Environmental factors in cardiovascular disease},
  author			={Cosselman, Kristen E and Navas-Acien, Ana and Kaufman, Joel D},
  journal			={Nat Rev Cardiol},
  volume			={12},
  pages				={627--642},
  year				={2015},
  publisher			={Nature Publishing Group}
}
 
@article{courtenay2000constructions,
  title				={Constructions of masculinity and their influence on men's well-being: a theory of gender and health},
  author			={Courtenay, Will H},
  journal			={Soc Sci Med},
  volume			={50},
  pages				={1385--1401},
  year				={2000},
  publisher			={Elsevier}
}

@article{crimmins1996differentials,
  title				={Differentials in active life expectancy in the older population of the United States},
  author			={Crimmins, Eileen M and Hayward, Mark D and Saito, Yasuhiko},
  journal			={J Gerontol B Psychol Sci Soc Sci},
  volume			={51},
  pages				={111--120},
  year				={1996},
  publisher			={The Gerontological Society of America}
}

@article{crimmins2010gender,
  title				={Gender differences in health: results from SHARE, ELSA and HRS},
  author			={Crimmins, Eileen M and Kim, Jung Ki and Sol{\'e}-Aur{\'o}, A{\"\i}da},
  journal			={Eur J Public Health},
  volume			={21},
  pages				={81--91},
  year				={2010},
  publisher			={Oxford University Press}
}

@article{crimmins2016trends,
  title				={Trends over 4 decades in disability-free life expectancy in the United States},
  author			={Crimmins, Eileen M and Zhang, Yuan and Saito, Yasuhiko},
  journal			={Am J Public Health},
  volume			={106},
  pages				={1287--1293},
  year				={2016},
  publisher			={American Public Health Association}
}

@article{crowe2013risk,
  title				={Risk of hospitalization or death from ischemic heart disease among British vegetarians and nonvegetarians: results from the EPIC-Oxford cohort study},
  author			={Crowe, Francesca L and Appleby, Paul N and Travis, Ruth C and Key, Timothy J},
  journal			={Am J Clin Nutr},
  volume			={97},
  pages				={597--603},
  year				={2013},
  publisher			={American Society for Nutrition}
}

@article{curran2015perceived,
  title				={Perceived barriers and facilitators for an academic career in geriatrics: medical students' perspectives},
  author			={Curran, Maureen A and Black, Michelle and Depp, Colin A and Iglewicz, Alana and Reichstadt, Jennifer and Palinkas, Lawrence and Jeste, Dilip V},
  journal			={Acad Psychiatry},
  volume			={39},
  pages				={253--258},
  year				={2015}
}

@article{colvez1983potential,
  title				={Potential gains in life expectancy free of disability: a tool for health planning},
  author			={Colvez, Alain and Blanchet, Madeleine},
  journal			={Int J Epidemiol},
  volume			={12},
  pages				={224--229},
  year				={1983},
  publisher			={Oxford University Press}
}

@article{dahlin2013cross,
  title				={Cross-national differences in the gender gap in subjective health in Europe: Does country-level gender equality matter?},
  author			={Dahlin, Johanna and H{\"a}rk{\"o}nen, Juho},
  journal			={Soc Sci Med},
  volume			={98},
  pages				={24--28},
  year				={2013},
  publisher			={Elsevier}
}

@article{dall2013aging,
  title				={An aging population and growing disease burden will require alarge and specialized health care workforce by 2025},
  author			={Dall, Timothy M and Gallo, Paul D and Chakrabarti, Ritasree and West, Terry and Semilla, April P and Storm, Michael V},
  journal			={Health Aff},
  volume			={32},
  pages				={2013--2020},
  year				={2013}
}

@article{dalton2008social,
  title				={Social inequality in incidence of and survival from cancer in a population-based study in Denmark, 1994--2003: summary of findings},
  author			={Dalton, Susanne Oksbjerg and Sch{\"u}z, Joachim and Engholm, Gerda and Johansen, Christoffer and Kj{\ae}r, Susanne Kr{\"u}ger and Steding-Jessen, Marianne and Storm, Hans H and Olsen, J{\o}rgen H},
  journal			={Eur J Cancer},
  volume			={44},
  pages				={2074--2085},
  year				={2008},
}

@article{darzi2016global,
  title				={The global shortage of health workers - an opportunity to transform care},
  author			={Darzi, A and Evans, T},
  journal			={Lancet},
  volume			={388},
  pages				={2576--2577},
  year				={2016}
}

@article{de2010migration,
  title				={Migration and development: A theoretical perspective},
  author			={De Haas, Hein},
  journal			={Int Migr},
  volume			={44},
  pages				={227--264},
  year				={2010},
  publisher			={Wiley Online Library}
}

@article{deeg2003self,
  title				={Self-rated health, gender, and mortality in older persons: introduction to a special section},
  author			={Deeg, Dorly JH and Bath, Peter A},
  journal			={Gerontologist},
  volume			={43},
  pages				={369--371},
  year				={2003},
  publisher			={Oxford University Press}
}

@book{desa2017world,
  title				={World Population Prospects: The 2017 Revision},
  author			={Population Division of the Department of Economic,. and Social Affairs of the United Nations Secretariat,.},
  year				={2017},
  publisher			={United Nations}
}

@book{denstat2018projection,
  title				={Documentation of Statistics for Population Projections for Denmark 2018},
  author			={Population Education and Social Statistics Unit,.},
  year				={2018},
  publisher			={Statistics Denmark}
}

@book{denstat2018frdk218,
  title				={FRDK118: Population Projections 2018 for the Country by Ancestry, Sex, Age and Time},
  author			={Population Education and Social Statistics Unit,.},
  year				={2018},
  publisher			={Statistics Denmark}
}

@article{desalvo2005predicting,
  title				={Predicting mortality and healthcare utilization with a single question},
  author			={DeSalvo, Karen B and Fan, Vincent S and McDonell, Mary B and Fihn, Stephan D},
  journal			={Health Serv Res},
  volume			={40},
  pages				={1234--1246},
  year				={2005},
  publisher			={Wiley Online Library}
}

@article{de2009sex,
  title				={Sex differences in mortality in patients with COPD},
  author			={De Torres, JP and Cote, CG and Lopez, MV and Casanova, Ciro and Diaz, O and Marin, Jos{\'e} M and Pinto-Plata, V{\'\i}ctor and De Oca, MM and Nekach, H and Dordelly, LJ and others},
  journal			={Eur Respir J},
  volume			={33},
  pages				={528--535},
  year				={2009},
  publisher			={European Respiratory Society}
}

@article{de2013effect,
  title				={The effect of population aging on health expenditure growth: a critical review},
  author			={de Meijer, Claudine and Wouterse, Bram and Polder, Johan and Koopmanschap, Marc},
  journal			={Eur J Ageing},
  volume			={10},
  pages				={353--361},
  year				={2013}
}

@article{dixon2004hospital,
  title				={Hospital admissions, age, and death: retrospective cohort study},
  author			={Dixon, Tracy and Shaw, Mary and Frankel, Stephen and Ebrahim, Shah},
  journal			={BMJ},
  volume			={328},
  pages				={1288--1291},
  year				={2004},
  publisher			={BMJ Publishing Group}
}

@article{dransfield2007gender,
  title				={Gender differences in the severity of CT emphysema in COPD},
  author			={Dransfield, Mark T and Washko, George R and Foreman, Marilyn G and Estepar, Raul San Jose and Reilly, John and Bailey, William C},
  journal			={Chest},
  volume			={132},
  pages				={464--470},
  year				={2007},
  publisher			={American College of Chest Physicians}
}

@article{drevenstedt2008rise,
  title				={The rise and fall of excess male infant mortality},
  author			={Drevenstedt, Greg L and Crimmins, Eileen M and Vasunilashorn, Sarinnapha and Finch, Caleb E},
  journal			={Proc Natl Acad Sci USA},
  volume			={105},
  pages				={5016--5021},
  year				={2008},
  publisher			={National Academy of Sciences}
}

@article{dupre2009marital,
  title				={Marital trajectories and mortality among US adults},
  author			={Dupre, Matthew E and Beck, Audrey N and Meadows, Sarah O},
  journal			={Am J Epidemiol},
  volume			={170},
  pages				={546--555},
  year				={2009},
  publisher			={Oxford University Press}
}

@article{eilers1996flexible,
  title				={Flexible smoothing with B-splines and penalties},
  author			={Eilers, Paul HC and Marx, Brian D},
  journal			={Stat Sci},
  pages				={89--102},
  year				={1996},
  publisher			={JSTOR}
}

@Article{edgren2012,
  title				={Enigmatic sex disparities in cancer incidence},
  author			={Edgren, G. and Liang, L. and Adami, H.O. and Chang, E.T.},
  journal			={Eur J Epidemiol},
  year				={2012},
  pages				={187--196},
  volume			={3}
}

@article{elo1992effects,
  title				={Effects of early-life conditions on adult mortality: a review},
  author			={Elo, Irma T and Preston, Samuel H},
  journal			={Population Index},
  volume			={58},
  pages				={186--212},
  year				={1992},
  publisher			={JSTOR}
}

@article{engberg2009centenarians,
  title				={Centenarians--a useful model for healthy aging? A 29-year follow-up of hospitalizations among 40 000 Danes born in 1905},
  author			={Engberg, Henriette and Oksuzyan, Anna and Jeune, Bernard and Vaupel, James W and Christensen, Kaare},
  journal			={Aging Cell},
  volume			={8},
  pages				={270--276},
  year				={2009},
  publisher			={Wiley Online Library}
}

@article{eskes2007women,
  title				={Why do women live longer than men?},
  author			={Eskes, Tom and Haanen, Clemens},
  journal			={Eur J Obstet Gynecol Reprod Biol},
  volume			={133},
  pages				={126--133},
  year				={2007},
  publisher			={Elsevier}
}

@article{etkind2017many,
  title				={How many people will need palliative care in 2040? Past trends, future projections and implications for services},
  author			={Etkind, SN and Bone, AE and Gomes, B and Lovell, N and Evans, CJ and Higginson, IJ and Murtagh, FEM},
  journal			={BMC Med},
  volume			={15},
  pages				={102},
  year				={2017},
  publisher			={BioMed Central}
}

@article{farkas2010self,
  title				={Self-rated health predicts acute exacerbations and hospitalizations in patients with COPD},
  author			={Farkas, Jerneja and Kosnik, Mitja and Flezar, Matjaz and Suskovic, Stanislav and Lainscak, Mitja},
  journal			={Chest},
  volume			={138},
  pages				={323--330},
  year				={2010},
  publisher			={American College of Chest Physicians}
}

@article{farrimond2012beyond,
  title				={Beyond the caveman: Rethinking masculinity in relation to men’s help-seeking},
  author			={Farrimond, Hannah},
  journal			={Health},
  volume			={16},
  pages				={208--225},
  year				={2012},
  publisher			={Sage Publications}
}

@article{fisher2018pejorative,
  title				={Pejorative phrases or innocent idioms? Exploring terms used by tomorrow's doctors in relation to older people},
  author			={Fisher, James M and Tullo, Ellen and Stewart, Jane},
  journal			={Educ Gerontol},
  volume			={44},
  pages				={551--561},
  year				={2018},
  publisher			={Taylor \& Francis}
}

@article{fleury2014predictors,
  title				={Predictors of healthcare service utilization for mental health reasons},
  author			={Fleury, Marie-Jos{\'e}e and Ngui, Andr{\'e} Ngamini and Bamvita, Jean-Marie and Grenier, Guy and Caron, Jean},
  journal			={Int J Environ Res Public Health},
  volume			={11},
  pages				={10559--10586},
  year				={2014},
  publisher			={Multidisciplinary Digital Publishing Institute}
}

@article{frank2000entire,
  title				={When an entire country is a cohort},
  author			={Frank, Lone},
  journal			={Science},
  volume			={287},
  pages				={2398--2399},
  year				={2000},
  publisher			={American Association for the Advancement of Science}
}

@article{frederiksen2006age,
  title				={Age trajectories of grip strength: cross-sectional and longitudinal data among 8,342 Danes aged 46 to 102},
  author			={Frederiksen, Henrik and Hjelmborg, Jacob and Mortensen, Jakob and Mcgue, Matt and Vaupel, James W and Christensen, Kaare},
  journal			={Ann Epidemiol},
  volume			={16},
  pages				={554--562},
  year				={2006},
  publisher			={Elsevier}
}

@article{fries1980aging,
  title				={Aging, natural death, and the compression of morbidity},
  author			={Fries, James F},
  journal			={New Engl J Med},
  volume			={303},
  pages				={130--135},
  year				={1980}
}

@article{fries2011compression,
  title				={Compression of morbidity 1980--2011: a focused review of paradigms and progress},
  author			={Fries, James F and Bruce, Bonnie and Chakravarty, Eliza},
  journal			={J Aging Res},
  volume			={2011},
  pages				={261702},
  year				={2011},
  publisher			={Hindawi}
}

@article{fridgen2013help,
  title				={Help-seeking and pathways to care in the early stages of psychosis},
  author			={Fridgen, Gertrud J and Aston, Jacqueline and Gschwandtner, Ute and Pflueger, Marlon and Zimmermann, Ronan and Studerus, Erich and Stieglitz, Rolf-Dieter and Riecher-R{\"o}ssler, Anita},
  journal			={Soc Psychiatry Psychiatr Epidemiol},
  volume			={48},
  pages				={1033--1043},
  year				={2013}
}

@article{fulop2010aging,
  title				={Aging, frailty and age-related diseases},
  author			={Fulop, Tamas and Larbi, Anis and Witkowski, Jacek M and McElhaney, J and Loeb, Mark and Mitnitski, Arnold and Pawelec, Graham},
  journal			={Biogerontology},
  volume			={11},
  pages				={547--563},
  year				={2010},
  publisher			={Springer}
}

@article{furu2010nordic,
  title				={The Nordic countries as a cohort for pharmacoepidemiological research},
  author			={Furu, Kari and Wettermark, Bj{\"o}rn and Andersen, Morten and Martikainen, Jaana E and Almarsdottir, Anna Birna and S{\o}rensen, Henrik Toft},
  journal			={Basic Clin Pharmacol Toxicol},
  volume			={106},
  pages				={86--94},
  year				={2010},
  publisher			={Wiley Online Library}
}

@article{galdas2005men,
  title				={Men and health help-seeking behaviour: literature review},
  author			={Galdas, Paul M and Cheater, Francine and Marshall, Paul},
  journal			={J Adv Nurs},
  volume			={49},
  pages				={616--623},
  year				={2005},
  publisher			={Wiley Online Library}
}

@article{galdas2010help,
  title				={Help seeking for cardiac symptoms: Beyond the masculine--feminine binary},
  author			={Galdas, Paul M and Johnson, Joy L and Percy, Myra E and Ratner, Pamela A},
  journal			={Soc Sci Med},
  volume			={71},
  pages				={18--24},
  year				={2010},
  publisher			={Elsevier}
}

@article{galobardes2007measuring,
  title				={Measuring socioeconomic position in health research},
  author			={Galobardes, Bruna and Lynch, John and Smith, G Davey},
  journal			={Br Med Bull},
  volume			={81},
  pages				={1-17},
  year				={2007},
  publisher			={Citeseer}
}

@article{garcia2006regular,
  title				={Regular physical activity reduces hospital admission and mortality in chronic obstructive pulmonary disease: a population based cohort study},
  author			={Garcia-Aymerich, Judith and Lange, Peter and Benet, Marta and Schnohr, Peter and Ant{\'o}, Josep M},
  journal			={Thorax},
  volume			={61},
  pages				={772--778},
  year				={2006},
  publisher			={BMJ Publishing Group and British Thoracic Society}
}

@article{gardner2014gender,
  title				={Gender and telomere length: systematic review and meta-analysis},
  author			={Gardner, Michael and Bann, David and Wiley, Laura and Cooper, Rachel and Hardy, Rebecca and Nitsch, Dorothea and Martin-Ruiz, Carmen and Shiels, Paul and Sayer, Avan Aihie and Barbieri, Michelangela and others},
  journal			={Exp Gerontol},
  volume			={51},
  pages				={15--27},
  year				={2014},
  publisher			={Elsevier}
}

@article{ganguly2016using,
  title				={Using statistical forecasting to optimize staff scheduling in healthcare organizations},
  author			={Ganguly, Anirban and Nandi, Saikat},
  journal			={J Health Manag},
  volume			={18},
  pages				={172--181},
  year				={2016},
  publisher			={SAGE Publications Sage India: New Delhi, India}
}

@article{gallagher2010symptoms,
  title				={Symptoms and treatment-seeking responses in women experiencing acute coronary syndrome for the first time},
  author			={Gallagher, Robyn and Marshall, Andrea P and Fisher, Murray J},
  journal			={Heart Lung J Acute Crit Care},
  volume			={39},
  pages				={477--484},
  year				={2010},
  publisher			={Elsevier}
}

@article{gervas2008clinical,
  title				={Is clinical prevention better than cure?},
  author			={G{\'e}rvas, Juan and Starfield, Barbara and Heath, Iona},
  journal			={Lancet},
  volume			={372},
  pages				={1997},
  year				={2008},
  publisher			={Elsevier}
}

@article{gerdtham1997equity,
  title				={Equity in health care utilization: further tests based on hurdle models and Swedish micro data},
  author			={Gerdtham, Ulf-G},
  journal			={Health Econ},
  volume			={6},
  pages				={303--319},
  year				={1997},
  publisher			={Wiley Online Library}
}

@article{glei2007narrowing,
  title				={The narrowing sex differential in life expectancy in high-income populations: effects of differences in the age pattern of mortality},
  author			={Glei, Dana A and Horiuchi, Shiro},
  journal			={Popul Stud},
  volume			={61},
  pages				={141--159},
  year				={2007},
  publisher			={Taylor \& Francis}
}

@article{glei2013,
  title				={To what extent do biomarkers account for the large social disparities in health in Moscow?},
  author			={Glei, Dana A and Goldman, Noreen and Shkolnikov, Vladimir M and Jdanov, Dmitri and Shalnova, Svetlana and Shkolnikova, Maria and  Weinstein, Maxine},
  journal			={Soc Sci Med},
  volume			={77},
  pages				={164-172},
  year				={2013},
  publisher			={Elsevier}
}

@book{global2019,
  title					={Global Burden of Disease (GBD)},
  author				={Institute for Health Metrics \& Evaluation,.},
  publisher				={University of Washington},
  year					={2019}
}

@Article{gjonca2005,
  Title             ={Sex differences in mortality, a comparison of the United Kingdom and other developed countries},
  Author            ={Gjon\c{c}a, A. and Tommassini, C. and Toson, B. and Smallwood, S.},
  Journal           ={Health Stat Q},
  volume			={26\&27},
  Year              ={2005},
  pages			   	={6--16}
}

@article{goldman1993marriage,
  title				={Marriage selection and mortality patterns: Inferences and fallacies},
  author			={Goldman, Noreen},
  journal			={Demography},
  volume			={30},
  pages				={189--208},
  year				={1993},
  publisher			={Springer}
}

@article{gonzalez2011gender,
  title				={Gender differences in survival following hospitalisation for COPD},
  author			={Gonzalez, Anne V and Suissa, Samy and Ernst, Pierre},
  journal			={Thorax},
  volume			={66},
  pages				={38--42},
  year				={2011},
  publisher			={BMJ Publishing Group Ltd}
}

@article{grol2000patients,
  title				={Patients in Europe evaluate general practice care: an international comparison.},
  author			={Grol, Richard and Wensing, Michel and Mainz, Jan and Jung, Hans Peter and Ferreira, Pedro and Hearnshaw, Hilary and Hjortdahl, Per and Olesen, Frede and Reis, Shmuel and Ribacke, Mats and others},
  journal			={Br J Gen Pract},
  volume			={50},
  pages				={882--887},
  year				={2000},
  publisher			={Br J Gen Pract}
}

@article{groth2014disparities,
  title				={Disparities in dietary habits and physical activity in Denmark and trends from 1995 to 2008},
  author			={Groth, Margit Velsing and S{\o}rensen, Mette Rosenlund and Matthiessen, Jeppe and Fagt, Sisse and Landvad, Niels and Knudsen, Vibeke Kildegaard},
  journal			={Scand J Public Health},
  volume			={42},
  pages				={611--620},
  year				={2014},
  publisher			={Sage Publications Sage UK: London, England}
}

@article{gruenberg1977failures,
  title				={The failures of success},
  author			={Gruenberg, Ernest M},
  journal			={Milbank Q},
  volume			={55},
  pages				={3--24},
  year				={1977},
  publisher			={JSTOR}
}

@article{gundgaard2006income,
  title				={Income-related inequality in utilization of health services in Denmark: evidence from Funen County},
  author			={Gundgaard, Jens},
  journal			={Scand J Public Health},
  volume			={34},
  pages				={462--471},
  year				={2006},
  publisher			={Sage Publications Sage UK: London, England}
}

@article{hahnel2009re,
  title				={Re-admissions following hip fracture surgery},
  author			={Hahnel, James and Burdekin, Hannah and Anand, Sanjeev},
  journal			={Ann R Coll Surg Engl},
  volume			={91},
  pages				={591--595},
  year				={2009},
  publisher			={The Royal College of Surgeons of England}
}

@article{hamann2014stigma,
  title				={Stigma among patients with lung cancer: a patient-reported measurement model},
  author			={Hamann, Heidi A and Ostroff, Jamie S and Marks, Emily G and Gerber, David E and Schiller, Joan H and Lee, Simon J Craddock},
  journal			={Psycho-Oncol},
  volume			={23},
  pages				={81--92},
  year				={2014}
}

@article{hannan201130,
  title				={30-day readmissions after coronary artery bypass graft surgery in New York State},
  author			={Hannan, Edward L and Zhong, Ye and Lahey, Stephen J and Culliford, Alfred T and Gold, Jeffrey P and Smith, Craig R and Higgins, Robert SD and Jordan, Desmond and Wechsler, Andrew},
  journal			={JACC Cardiovasc Interv},
  volume			={4},
  pages				={569--576},
  year				={2011}
}

@article{hanlon1998hospital,
  title				={Hospital use by an ageing cohort: an investigation into the association between biological, behavioural and social risk markers and subsequent hospital utilization},
  author			={Hanlon, Phllip and Walsh, David and Whyte, Bruce W and Scott, Sheila N and Lightbody, Pauline and Gilhooly, Mary L M},
  journal			={J Public Health},
  volume			={20},
  pages				={467--476},
  year				={1998},
  publisher			={Faculty Public Health}
}

@article{hanlon2000link,
  title				={The link between major risk factors and important categories of admission in an ageing cohort},
  author			={Hanlon, Philip and Walsh, David and Whyte, Bruce W and Scott, Sheila N and Lightfoot, P and Gilhooly, Mary LM},
  journal			={J Public Health},
  volume			={22},
  pages				={81--89},
  year				={2000},
  publisher			={Faculty Public Health}
}

@article{hanlon2007analysis,
  title				={An analysis of the link between behavioural, biological and social risk factors and subsequent hospital admission in Scotland},
  author			={Hanlon, P and Lawder, R and Elders, A and Clark, D and Walsh, David and Whyte, B and Sutton, M},
  journal			={J Public Health},
  volume			={29},
  pages				={405--412},
  year				={2007},
  publisher			={Faculty Public Health}
}

@book{harper2005methods,
  title				={Methods for measuring cancer disparities: using data relevant to healthy people 2010 cancer-related objectives},
  author			={Harper, Sam and Lynch, John},
  year				={2005},
  publisher			={University of Michigan}
}

@article{hastie1995generalized,
  title				={Generalized additive models for medical research},
  author			={Hastie, Trevor and Tibshirani, Robert},
  journal			={Stat Methods Med Res},
  volume			={4},
  pages				={187--196},
  year				={1995},
  publisher			={SAGE Publications}
}

@article{hastie1986generalized,
  title				={Generalized additive models},
  author			={Hastie, Trevor and Tibshirani, Robert},
  journal			={Stat Sci},
  pages				={297--310},
  year				={1986},
  publisher			={JSTOR}
}

@article{hayward2004long,
  title				={The long arm of childhood: The influence of early-life social conditions on men’s mortality},
  author			={Hayward, Mark D and Gorman, Bridget K},
  journal			={Demography},
  volume			={41},
  pages				={87--107},
  year				={2004},
  publisher			={Springer}
}

@article{hippisley2013predicting,
  title				={Predicting risk of emergency admission to hospital using primary care data: derivation and validation of QAdmissions score},
  author			={Hippisley-Cox, Julia and Coupland, Carol},
  journal			={BMJ Open},
  volume			={3},
  pages				={e003482},
  year				={2013},
  publisher			={BMJ Publishing Group}
}

@incollection{hobcraft1985age,
  title				={Age, period, and cohort effects in demography: a review},
  author			={Hobcraft, John and Menken, Jane and Preston, Samuel},
  booktitle			={Cohort analysis in social research},
  pages				={89--135},
  year				={1985},
  publisher			={Springer}
}

@article{hoffmann2011socioeconomic,
  title				={Socioeconomic inequalities in old-age mortality: a comparison of Denmark and the USA},
  author			={Hoffmann, Rasmus},
  journal			={Soc Sci Med},
  volume			={72},
  pages				={1986--1992},
  year				={2011},
  publisher			={Elsevier}
}

@article{hohn2018sex,
  title				={Sex differences in the 1-year risk of dying following all-cause and cause-specific hospital admission after age 50 in comparison with a general and non-hospitalised population: a register-based cohort study of the Danish population},
  author			={H{\"o}hn, Andreas and Larsen, Lisbeth Aagaard and Schneider, Daniel Christoph and Lindahl-Jacobsen, Rune and Rau, Roland and Christensen, Kaare and Oksuzyan, Anna},
  journal			={BMJ open},
  volume			={8},
  pages				={e021813},
  year				={2018},
  publisher			={British Medical Journal Publishing Group}
}

@article{horiuchi2008decomposition,
  title				={A decomposition method based on a model of continuous change},
  author			={Horiuchi, Shiro and Wilmoth, John R and Pletcher, Scott D},
  journal			={Demography},
  volume			={45},
  pages				={785--801},
  year				={2008},
  publisher			={Springer}
}

@article{howdon2018health,
  title				={Health care expenditures, age, proximity to death and morbidity: Implications for an ageing population},
  author			={Howdon, Daniel and Rice, Nigel},
  journal			={J Health Econ},
  volume			={57},
  pages				={60--74},
  year				={2018},
  publisher			={Elsevier}
}

@article{hubbard2011frailty,
  title				={Frailty in older women},
  author			={Hubbard, Ruth E and Rockwood, Kenneth},
  journal			={Maturitas},
  volume			={69},
  pages				={203--207},
  year				={2011},
  publisher			={Elsevier}
}

@article{hughes2008medical,
  title				={Medical student attitudes toward older people and willingness to consider a career in geriatric medicine},
  author			={Hughes, Niall J and Soiza, Roy L and Chua, Melvin and Hoyle, Graeme E and MacDonald, Allan and Primrose, William R and Gwyn Seymour, D},
  journal			={J Am Geriatr Soc},
  volume			={56},
  pages				={334--338},
  year				={2008},
  publisher			={Wiley Online Library}
}

@book{human2005university,
  title				={Human Mortality Database},
  author			={University of California Berkeley (USA),. and Max Planck Institute for Demographic Research (GER),.},
  year   			={2019},
  publisher			={Available at www.mortality.org (data downloaded: 2019/07/31)}
}

@article{hunt2011women,
  title				={Do women consult more than men? A review of gender and consultation for back pain and headache},
  author			={Hunt, Kate and Adamson, Joy and Hewitt, Catherine and Nazareth, Irwin},
  journal			={J Health Serv Res Policy},
  volume			={16},
  pages				={108--117},
  year				={2011},
  publisher			={Sage Publications Sage UK: London, England}
}

@article{hunt2014gender,
  title				={A gender-sensitised weight loss and healthy living programme for overweight and obese men delivered by Scottish Premier League football clubs (FFIT): a pragmatic randomised controlled trial},
  author			={Hunt, Kate and Wyke, Sally and Gray, Cindy M and Anderson, Annie S and Brady, Adrian and Bunn, Christopher and Donnan, Peter T and Fenwick, Elisabeth and Grieve, Eleanor and Leishman, Jim and others},
  journal			={Lancet},
  volume			={383},
  pages				={1211--1221},
  year				={2014},
  publisher			={Elsevier}
}

@article{hu2011zero,
  title				={Zero-inflated and hurdle models of count data with extra zeros: examples from an HIV-risk reduction intervention trial},
  author			={Hu, Mei-Chen and Pavlicova, Martina and Nunes, Edward V},
  journal			={Am J Drug Alcohol Abuse},
  volume			={37},
  pages				={367--375},
  year				={2011}
}

@article{hu2018changes,
  title				={Changes in socioeconomic differences in hospital days with age: cumulative disadvantage, age-as-leveler, or both?},
  author			={Hu, Yaoyue and Leinonen, Taina and Myrskyl{\"a}, Mikko and Martikainen, Pekka},
  journal			={J Gerontol B Psychol Sci Soc Sci},
  volume			={99},
  pages				={99--99},
  year				={9999}
}

@article{huisman2005educational,
  title				={Educational inequalities in cause-specific mortality in middle-aged and older men and women in eight western European populations},
  author			={Huisman, Martijn and Kunst, Anton E and Bopp, Matthias and Borgan, Jens-Kristian and Borrell, Carme and Costa, Giuseppe and Deboosere, Patrick and Gadeyne, Sylvie and Glickman, Myer and Marinacci, Chiara and others},
  journal			={The Lancet},
  volume			={365},
  pages				={493--500},
  year				={2005},
  publisher			={Elsevier}
}

@book{inglehart2015silent,
  title				={The silent revolution: Changing values and political styles among Western publics},
  author			={Inglehart, Ronald},
  year				={2015},
  publisher			={Princeton University Press}
}

@article{isaksson2011better,
  title				={Better long-term survival in young and middle-aged women than in men after a first myocardial infarction between 1985 and 2006. An analysis of 8630 patients in the northern Sweden MONICA study},
  author			={Isaksson, Rose-Marie and Jansson, Jan-H{\aa}kan and Lundblad, Dan and N{\"a}slund, Ulf and Zingmark, Karin and Eliasson, Mats},
  journal			={BMC Cardiovasc Disord},
  volume			={11},
  pages				={1},
  year				={2011},
  publisher			={BioMed Central}
}

@Article{iversen2005,
  Title             = {Population-based study of short-and long-term survival from colorectal cancer in Denmark, 1977–1999},
  Author            = {Iversen, Lene H. and Pedersen, Lars and Riis, Anders and Friis, S{\o}ren and Laurberg, S{\o}ren and S{\o}rensen, Henrik Toft},
  Journal           = {Br J Surg},
  Year              = {2005},
  Pages			   	= {873--880},
  Volume            = {7}
}

@article{ishizaki2008association,
  title				={Association between patient age and hospitalization resource use in a teaching hospital in Japan},
  author			={Ishizaki, Tatsuro and Imanaka, Yuichi and Oh, Eun-Hwan and Sekimoto, Miho and Hayashida, Kenshi and Kobuse, Hiroe},
  journal			={Health Policy},
  volume			={87},
  pages				={20--30},
  year				={2008},
  publisher			={Elsevier}
}

@Article{jacobsen2002,
  Title             = {Long term mortality trends behind low life expectancy of Danish women},
  Author            = {Jacobsen, Rune and Keiding, Niels and Lynge, Elsebeth},
  Journal           = {J Epidemiol Community Health},
  Year              = {2002},
  Pages			   	= {205-208},
  Volume            = {3}
}

@article{jacobsen2004women,
  title				={Women's death in Scandinavia -- what makes Denmark different?},
  author			={Jacobsen, Rune and Osler, Merete and Lynge, Elsebeth and Keiding, Niels},
  journal			={Eur J Epidemiol},
  volume			={19},
  pages				={117--121},
  year				={2004},
  publisher			={Springer}
}

@article{jacobsen2006,
  title			   ={Causes of death behind low life expectancy of Danish women},
  author		   ={Jacobsen, Rune and Keiding, Niels and Lynge, Elsebeth},
  journal		   ={Scand J Public Health},
  volume		   ={34},
  pages			   ={432-436},
  year			   ={2006},
  publisher		   ={Sage Publications}
}

@article{jacobsen2008sex,
  title				={Sex differential in mortality trends of old-aged Danes: a nation wide study of age, period and cohort effects},
  author			={Jacobsen, Rune and Oksuzyan, Anna and Engberg, Henriette and Jeune, Bernard and Vaupel, James W and Christensen, Kaare},
  journal			={Eur J Epidemiol},
  volume			={23},
  pages				={723--730},
  year				={2008},
  publisher			={Springer}
}

@article{jacobsen2016,
  title				={Rise, stagnation, and rise of Danish women’s life expectancy},
  author			={Lindahl-Jacobsen, Rune and Rau, Roland and Jeune, Bernard and Canudas-Romo, Vladimir and Lenart, Adam and Christensen, Kaare and Vaupel, James W},
  journal			={Proc Natl Acad Sci USA},
  volume			={113},
  pages				={4015--4020},
  year				={2016},
  publisher			={National Acad Sciences}
}

@article{jensen2011danish,
  title				={Danish education registers},
  author			={Jensen, Vibeke M and Rasmussen, Astrid W},
  journal			={Scand J Public Health},
  volume			={39},
  pages				={91--94},
  year				={2011},
  publisher			={Sage Publications Sage UK: London, England}
}

@article{jeune2008trends,
  title				={Trends in health expectancy at age 65 for various health indicators, 1987--2005, Denmark},
  author			={Jeune, Bernard and Br{\o}nnum-Hansen, Henrik},
  journal			={Eur J Ageing},
  volume			={5},
  pages				={279--285},
  year				={2008},
  publisher			={Springer}
}

@article{lindahl2013male,
  title				={The male--female health-survival paradox and sex differences in cohort life expectancy in Utah, Denmark, and Sweden 1850--1910},
  author			={Lindahl-Jacobsen, Rune and Hanson, Heidi A and Oksuzyan, Anna and Mineau, Geraldine P and Christensen, Kaare and Smith, Ken R},
  journal			={Ann Epidemiol},
  volume			={23},
  pages				={161--166},
  year				={2013},
  publisher			={Elsevier}
}

@article{lindahl2016did,
  title				={Why did Danish women’s life expectancy stagnate? The influence of interwar generations’ smoking behaviour},
  author			={Lindahl-Jacobsen, Rune and Oeppen, Jim and Rizzi, Silvia and M{\"o}ller, S{\"o}ren and Zarulli, Virginia and Christensen, Kaare and Vaupel, James W},
  journal			={Eur J Epidemiol},
  volume			={31},
  pages				={1207--1211},
  year				={2016},
  publisher			={Springer}
}

@article{janssen2004icd,
  title				={ICD coding changes and discontinuities in trends in cause-specific mortality in six European countries, 1950-99},
  author			={Janssen, Fanny and Kunst, Anton E},
  journal			={Bull World Health Organ},
  volume			={82},
  pages				={904--913},
  year				={2004},
  publisher			={SciELO Public Health}
}

@article{jatrana2009gender,
  title				={Gender differences in general practice utilisation in New Zealand},
  author			={Jatrana, Santosh and Crampton, Peter},
  journal			={Primary Health Care},
  volume			={1},
  pages				={261--269},
  year				={2009}
}

@article{jensen2014temporal,
  title				={Temporal disease trajectories condensed from population-wide registry data covering 6.2 million patients},
  author			={Jensen, Anders Boeck and Moseley, Pope L and Oprea, Tudor I and Elles{\o}e, Sabrina Gade and Eriksson, Robert and Schmock, Henriette and Jensen, Peter Bj{\o}dstrup and Jensen, Lars Juhl and Brunak, S{\o}ren},
  journal			={Nat Commun},
  volume			={5},
  pages				={4022},
  year				={2014},
  publisher			={Nature Publishing Group}
}

@article{jorge2016level,
  title				={Level of Physical Activity and In-Hospital Course of Patients with Acute Coronary Syndrome},
  author			={Jorge, Juliana de Goes and Santos, Marcos Antonio Almeida and Barreto Filho, Jos{\'e} Augusto Soares and Oliveira, Joselina Luzia Menezes and Melo, Enaldo Vieira de and Oliveira, Norma Alves de and Faro, Gustavo Baptista de Almeida and Sousa, Ant{\^o}nio Carlos Sobral},
  journal			={Arq Bras Cardiol},
  volume			={106},
  pages				={33--40},
  year				={2016},
  publisher			={SciELO Brasil}
}

@article{juel2008men,
  title				={Are men seeking medical advice too late? Contacts to general practitioners and hospital admissions in Denmark 2005},
  author			={Juel, Knud and Christensen, Kaare},
  journal			={J Public Health},
  volume			={30},
  pages				={111--113},
  year				={2008},
  publisher			={Faculty Public Health}
}

@article{juel2000mortality,
  title				={Mortality and life expectancy in Denmark and in other European countries: What is happening to middle-aged Danes?},
  author			={Juel, Knud and Bjerregaard, Peter and Madsen, Mette},
  journal			={Eur J Public Health},
  volume			={10},
  pages				={93--100},
  year				={2000},
  publisher			={Oxford University Press}
}

@book{juul2012denmark,
  title				={Denmark: Health System Review},
  author			={Juul, Annegrete and Krasnik, Allan and Rudkj{\o}bing, Andreas and Birk, Hans Okkels and Olejaz, Maria and Hern{\'a}ndez-Quevedo, Christina},
  year				={2012},
  publisher			={World Health Organization}
}

@article{jung2012female,
  title				={Do female cancer patients display better survival rates compared with males? Analysis of the Korean National Registry data, 2005--2009},
  author			={Jung, Kyu-Won and Park, Sohee and Shin, Aesun and Oh, Chang-Mo and Kong, Hyun-Joo and Jun, Jae Kwan and Won, Young-Joo},
  journal			={PloS one},
  volume			={7},
  pages				={e52457},
  year				={2012},
  publisher			={Public Library of Science}
}

@article{kaplan2002hospitalized,
  title				={Hospitalized community-acquired pneumonia in the elderly: age-and sex-related patterns of care and outcome in the United States},
  author			={Kaplan, Vladimir and Angus, Derek C and Griffin, Martin F and Clermont, Gilles and Scott Watson, R and Linde-Zwirble, Walter T},
  journal			={Am J Respir Crit Care Med},
  volume			={165},
  pages				={766--772},
  year				={2002},
  publisher			={American Thoracic Society New York, NY}
}

@article{kannegaard2010excess,
  title				={Excess mortality in men compared with women following a hip fracture. National analysis of comedications, comorbidity and survival},
  author			={Kannegaard, Pia Nimann and van der Mark, Susanne and Eiken, Pia and Abrahamsen, Bo},
  journal			={Age Ageing},
  volume			={39},
  pages				={203--209},
  year				={2010},
  publisher			={Oxford University Press}
}

@article{katsoulis2017excess,
  title				={Excess mortality after hip fracture in elderly persons from Europe and the USA: the CHANCES project},
  author			={Katsoulis, M and Benetou, V and Karapetyan, T and Feskanich, D and Grodstein, F and Pettersson-Kymmer, Ulrika and Eriksson, Sture and Wilsgaard, Tom and J{\o}rgensen, L and Ahmed, LA and others},
  journal			={J Intern Med},
  volume			={281},
  pages				={300--310},
  year				={2017},
  publisher			={Wiley Online Library}
}

@Article{karampampa2014,
  title				={Does Improved Survival Lead to a More Fragile Population: Time Trends in Second and Third Hospital Admissions among Men and Women above the Age of 60 in Sweden},
  author			={Karampampa, Korinna and Andersson, Tomas and Drefahl, Sven and Ahlbom, Anders and Modig, Karin},
  journal			={PloS one},
  year				={2014},
  volume			={9}
}

@article{karampampa2013trends,
  title				={Trends in age at first hospital admission in relation to trends in life expectancy in Swedish men and women above the age of 60},
  author			={Karampampa, Korinna and Drefahl, Sven and Andersson, Tomas and Ahlbom, Anders and Modig, Karin},
  journal			={BMJ open},
  volume			={3},
  pages				={e003447},
  year				={2013},
  publisher			={British Medical Journal Publishing Group}
}

@article{kennedy2001repeated,
  Title				={Repeated hospitalizations and self-rated health among the elderly: a multivariate failure time analysis},
  author			={Kennedy, Byron S and Kasl, Stanislav V and Vaccarino, Viola},
  journal			={Am J Epidemiol},
  volume			={153},
  pages				={232--241},
  year				={2001},
  publisher			={Oxford University Press}
}

@article{klasen1998marriage,
  title						={Marriage, bargaining, and intrahousehold resource allocation: Excess female mortality among adults during early German development, 1740--1860},
  author					={Klasen, Stephan},
  journal					={J Econ Hist},
  volume					={58},
  pages						={432--467},
  year						={1998},
  publisher					={Cambridge University Press}
}

@article{kim2010gender,
  title						={Gender differences in the functional recovery after acute stroke},
  author					={Kim, Ji-Sun and Lee, Kyung-Bok and Roh, Hakjae and Ahn, Moo-Young and Hwang, Hye-Won},
  journal					={J Clin Neurol},
  volume					={6},
  pages						={183--188},
  year						={2010}
}

@Article{kinsella1992,
  Title                    ={Changes in life expectancy 1900-1990},
  Author                   ={Kinsella, Kevin G.},
  Journal                  ={Am J Clin Nutr},
  Year                     ={1992},
  Pages			  		   ={1196--1202},
  Volume                   ={6}
}

@article{koch2015association,
  title						={What is the association of smoking and alcohol use with the increase in social inequality in mortality in Denmark? A nationwide register-based study},
  author					={Koch, Mette Bjerrum and Diderichsen, Finn and Gr{\o}nb{\ae}k, Morten and Juel, Knud},
  journal					={BMJ open},
  volume					={5},
  pages						={e006588},
  year						={2015},
  publisher					={British Medical Journal Publishing Group}
}

@article{kontis2017future,
  title						={Future life expectancy in 35 industrialised countries: projections with a Bayesian model ensemble},
  author					={Kontis, Vasilis and Bennett, James E and Mathers, Colin D and Li, Guangquan and Foreman, Kyle and Ezzati, Majid},
  journal					={Lancet},
  volume					={389},
  pages						={1323--1335},
  year						={2017}
}

@article{koefoed2013influence,
  title						={Influence of socioeconomic and demographic status on spirometry testing in patients initiating medication targeting obstructive lung disease: a population-based cohort study},
  author					={Koefoed, Mette M and S{\o}ndergaard, Jens and dePont Christensen, Ren{\'e} and Jarb{\o}l, Dorte E},
  journal					={BMC Public Health},
  volume					={13},
  pages						={580},
  year						={2013}
}

@article{koehler2018genders,
  title						={Genders and individual treatment progress in (non-) binary trans individuals},
  author					={Koehler, Andreas and Eyssel, Jana and Nieder, Timo O},
  journal					={J Sex Med},
  volume					={15},
  pages						={102--113},
  year						={2018},
  publisher					={Elsevier}
}

@article{kotter2016looking,
  title						={Looking beyond chronological age: Current knowledge and future directions in the study of subjective age},
  author					={Kotter-Gr{\"u}hn, Dana and Kornadt, Anna E and Stephan, Yannick},
  journal					={Gerontology},
  volume					={62},
  pages						={86--93},
  year						={2016}
}

@article{korda2015relationship,
  title						={The Relationship between body mass index and hospitalisation rates, days in hospital and costs: findings from a large prospective linked data study},
  author					={Korda, Rosemary J and Joshy, Grace and Paige, Ellie and Butler, James RG and Jorm, Louisa R and Liu, Bette and Bauman, Adrian E and Banks, Emily},
  journal					={PloS one},
  volume					={10},
  pages						={e0118599},
  year						={2015},
  publisher					={Public Library of Science}
}

@article{kusumastuti2017contact,
  title						={When contact is not enough: Affecting first year medical students’ image towards older persons},
  author					={Kusumastuti, Sasmita and van Fenema, Esther and Polman-van Stratum, Eugenie CF and Achterberg, Wilco and Lindenberg, Jolanda and Westendorp, Rudi GJ},
  journal					={PloS one},
  volume					={12},
  pages						={e0169977},
  year						={2017},
  publisher					={Public Library of Science}
}


@article{krieger2003genders,
  title						={Genders, sexes, and health: what are the connections -- and why does it matter?},
  author					={Krieger, Nancy},
  journal					={‎Int J Epidemiol},
  volume					={32},
  pages						={652--657},
  year						={2003},
  publisher					={Oxford University Press}
}

@article{christensen2013physical,
  title						={Physical and cognitive functioning of people older than 90 years: a comparison of two Danish cohorts born 10 years apart},
  author					={Christensen, Kaare and Thinggaard, Mikael and Oksuzyan, Anna and Steenstrup, Troels and Andersen-Ranberg, Karen and Jeune, Bernard and McGue, Matt and Vaupel, James W},
  journal					={Lancet},
  volume					={382},
  pages						={1507--1513},
  year						={2013},
  publisher					={Elsevier}
}

@article{lange2014socioeconomic,
  title						={Socioeconomic status and prognosis of COPD in Denmark},
  author					={Lange, Peter and Marott, Jacob Louis and Vestbo, J{\o}rgen and Ingebrigtsen, Truls Sylvan and Nordestgaard, B{\o}rge Gr{\o}nne},
  journal					={COPD},
  volume					={11},
  pages						={431--437},
  year						={2014}
}

@article{lee2000predictive,
  title						={The predictive value of self assessed general, physical, and mental health on functional decline and mortality in older adults},
  author					={Lee, Yunhwan},
  journal					={J Epidemiol Community Health},
  volume					={54},
  pages						={123--129},
  year						={2000},
  publisher					={BMJ Publishing Group Ltd}
}

@article{leening2014sex,
  title						={Sex differences in lifetime risk and first manifestation of cardiovascular disease: prospective population based cohort study},
  author					={Leening, Maarten JG and Ferket, Bart S and Steyerberg, Ewout W and Kavousi, Maryam and Deckers, Jaap W and Nieboer, Daan and Heeringa, Jan and Portegies, Marileen LP and Hofman, Albert and Ikram, M Arfan and others},
  journal					={BMJ},
  volume					={349},
  pages						={g5992},
  year						={2014},
  publisher					={British Medical Journal Publishing Group}
}

@article{leung2011hospital,
  title						={Hospital doctors' attitudes towards older people},
  author					={Leung, S and LoGiudice, D and Schwarz, J and Brand, C},
  journal					={Intern Med J},
  volume					={41},
  pages						={308--314},
  year						={2011}
}

@article{lewsey2009sex,
  title						={Sex differences in incidence, mortality, and survival in individuals with stroke in Scotland, 1986 to 2005},
  author					={Lewsey, James D and Gillies, Michelle and Jhund, Pardeep S and Chalmers, Jim WT and Redpath, Adam and Briggs, Andrew and Walters, Matthew and Langhorne, Peter and Capewell, Simon and McMurray, John JV and others},
  journal					={Stroke},
  volume					={40},
  pages						={1038--1043},
  year						={2009},
  publisher					={American Heart Association}
}

@article{leon2011trends,
  title						={Trends in European life expectancy: a salutary view},
  author					={Leon, David A},
  journal					={Int J Epidemiol},
  volume					={40},
  pages						={271--277},
  year						={2011}
}

@article{liu2013gender,
  title						={Gender gaps in life expectancy: generalized trends and negative associations with development indices in OECD countries},
  author					={Liu, Yan and Arai, Asuna and Kanda, Koji and Lee, Romeo B and Glasser, Jay and Tamashiro, Hiko},
  journal					={Eur J Pub Health},
  volume					={23},
  pages						={563--568},
  year						={2013},
  publisher					={Oxford University Press}
}

@article{liu2013trends,
  title						={Trends of gender gaps in life expectancy in Japan, 1947--2010: associations with gender mortality ratio and a social development index},
  author					={Liu, Yan and Arai, Asuna and Obayashi, Yoshihide and Kanda, Koji and Boostrom, Eugene and Lee, Romeo B and Tamashiro, Hiko},
  journal					={Geriatr Gerontol Int},
  volume					={13},
  pages						={792--797},
  year						={2013},
  publisher					={Wiley Online Library}
}

@article{llanwarne2017wasting,
  title						={Wasting the doctor's time? A video-elicitation interview study with patients in primary care},
  author					={Llanwarne, Nadia and Newbould, Jennifer and Burt, Jenni and Campbell, John L and Roland, Martin},
  journal					={Soc Sci Med},
  volume					={176},
  pages						={113--122},
  year						={2017},
  publisher					={Elsevier}
}

@article{luben2016predicting,
  title						= {Predicting admissions and time spent in hospital over a decade in a population-based record linkage study: the EPIC-Norfolk cohort},
  author					= {Luben, Robert and Hayat, Shabina and Wareham, Nicolas and Khaw, KT},
  journal					= {BMJ Open},
  volume					= {6},
  pages						= {e009461},
  year						= {2016},
  publisher					= {BMJ Publishing Group}
}

@article{lund2010can,
  title						={Can the higher risk of disability onset among older people who live alone be alleviated by strong social relations? A longitudinal study of non-disabled men and women},
  author					={Lund, Rikke and Nilsson, Charlotte Juul and Avlund, Kirsten},
  journal					={Age Ageing},
  volume					={39},
  pages						={319--326},
  year						={2010},
  publisher					={Oxford University Press}
}

@article{luy2003causes,
  title						= {Causes of male excess mortality: insights from cloistered populations},
  author					= {Luy, Marc},
  journal					= {Popul Dev Rev},
  volume					= {29},
  pages						= {647--676},
  year						= {2003},
  publisher					= {Wiley Online Library}
}

@article{luy2009unnatural,
  title						={Unnatural deaths among nuns and monks: is there a biological force behind male external cause mortality?},
  author					={Luy, Marc},
  journal					={J Biosoc Sci},
  volume					={41},
  pages						={831--844},
  year						={2009},
  publisher					={Cambridge University Press}
}

@article{luy2014impact,
  title						={The impact of smoking on gender differences in life expectancy: more heterogeneous than often stated},
  author					={Luy, Marc and Wegner-Siegmundt, Christian},
  journal					={Eur J Public Health},
  volume					={25},
  pages						={706--710},
  year						={2014},
  publisher					={Oxford University Press}
}

@article{luy2014women,
  title						={Do women live longer or do men die earlier? Reflections on the causes of sex differences in life expectancy},
  author					={Luy, Marc and Gast, Katrin},
  journal					={Gerontology},
  volume					={60},
  pages						={143--153},
  year						={2014},
  publisher					={Karger Publishers}
}

@Article{lynge2011,
  Title                    ={The Danish National Patient Register},
  Author                   ={Lynge, Elsebeth and Lynge Sandegaard, Jakob and Rebolj, Matejka},
  Journal                  ={Scand J Public Health},
  Year                     ={2011},
  Pages                    ={30-33},
  Volume                   ={7}
}

@article{lynch2007use,
  title						={Use of Western Australian linked hospital morbidity and mortality data to explore theories of compression, expansion and dynamic equilibrium},
  author					={Lynch, Cameron and Holman, C D'Arcy J and Moorin, Rachael E},
  journal					={Aust Health Rev},
  volume					={31},
  pages						={571--581},
  year						={2007},
  publisher					={CSIRO}
}

@article{lyratzopoulos2012variation,
  title						={Variation in number of general practitioner consultations before hospital referral for cancer: findings from the 2010 National Cancer Patient Experience Survey in England},
  author					={Lyratzopoulos, Georgios and Neal, Richard D and Barbiere, Josephine M and Rubin, Gregory P and Abel, Gary A},
  journal					={Lancet Oncol},
  volume					={13},
  pages						={353--365},
  year						={2012}
}

@article{lopez1994descriptive,
  title						={A descriptive model of the cigarette epidemic in developed countries},
  author					={Lopez, Alan D and Collishaw, Neil E and Piha, Tapani},
  journal					={Tob Control},
  volume					={3},
  pages						={242--247},
  year						={1994},
  publisher					={BMJ Publishing Group}
}

@article{ma2018prevalence,
  title						={The prevalence, reasons, and risk factors for hospital readmissions among home health care patients: a systematic review},
  author					={Ma, Chenjuan and Shang, Jingjing and Miner, Sarah and Lennox, Lauren and Squires, Allison},
  journal					={Home Health Care Management \& Practice},
  volume					={30},
  pages						={83--92},
  year						={2018},
  publisher					={SAGE Publications Sage CA: Los Angeles, CA}
}

@article{malig1996civil,
  title						={The civil registration system in Denmark},
  author					={Malig, Casper},
  journal					={Bethesda Maryland International Institute Technical Papers},
  volume					={66},
  pages						={1--6},
  year						={1996}
}

@article{manton1982changing,
  title					={Changing concepts of morbidity and mortality in the elderly population.},
  author				={Manton, KG},
  journal				={Milbank Q},
  volume				={60},
  pages					={183--244},
  year					={1982}
}

@article{maret2017nordic,
  title					={Nordic registry-based cohort studies: Possibilities and pitfalls when combining Nordic registry data},
  author				={Maret-Ouda, John and Tao, Wenjing and Wahlin, Karl and Lagergren, Jesper},
  journal				={Scand J Public Health},
  volume				={45},
  pages					={14--19},
  year					={2017},
  publisher				={Sage Publications Sage UK: London, England}
}

@article{martikainen2002psychosocial,
  title					={Psychosocial determinants of health in social epidemiology},
  author				={Martikainen, Pekka and Bartley, Mel and Lahelma, Eero},
  journal				={Int J Epidemiol},
  volume				={31},
  pages					={1091--1093},
  year					={2002}
}

@article{mathers2015causes,
  title					={Causes of international increases in older age life expectancy},
  author				={Mathers, Colin D and Stevens, Gretchen A and Boerma, Ties and White, Richard A and Tobias, Martin I},
  journal				={Lancet},
  volume				={385},
  pages					={540--548},
  year					={2015}
}

@article{mastekaasa1992marriage,
  title					={Marriage and psychological well-being: Some evidence on selection into marriage},
  author				={Mastekaasa, Arne},
  journal				={J Marriage Fam},
  pages					={901--911},
  year					={1992},
  publisher				={JSTOR}
}

@article{manzoli2007marital,
  title					={Marital status and mortality in the elderly: a systematic review and meta-analysis},
  author				={Manzoli, Lamberto and Villari, Paolo and Pirone, Giovanni M and Boccia, Antonio},
  journal				={Soc Sci Med},
  volume				={64},
  pages					={77--94},
  year					={2007},
  publisher				={Elsevier}
}

@article{mcdonald2009association,
  title					={Association of self-reported alcohol use and hospitalization for an alcohol-related cause in Scotland: a record-linkage study of 23 183 individuals},
  author				={McDonald, Scott A and Hutchinson, Sharon J and Bird, Sheila M and Graham, Lesley and Robertson, Chris and Mills, Peter R and Hayes, Peter and Dillon, John F and Goldberg, David J},
  journal				={Addiction},
  volume				={104},
  pages					={593--602},
  year					={2009},
  publisher				={Wiley Online Library}
}

@book{mcdowell2006measuring,
  title					={Measuring health: a guide to rating scales and questionnaires},
  author				={McDowell, Ian},
  year					={2006},
  publisher				={Oxford Nniversity Press}
}

@article{mclean2011gender,
  title					={Gender differences in anxiety disorders: prevalence, course of illness, comorbidity and burden of illness},
  author				={McLean, Carmen P and Asnaani, Anu and Litz, Brett T and Hofmann, Stefan G},
  journal				={J Psychiatr Resh},
  volume				={45},
  pages					={1027--1035},
  year					={2011},
  publisher				={Elsevier}
}

@article{maclean2010rules,
  title					={‘Rules’ for boys,‘guidelines’ for girls: Gender differences in symptom reporting during childhood and adolescence},
  author				={MacLean, Alice and Sweeting, Helen and Hunt, Kate},
  journal				={Soc Sci Med},
  volume				={70},
  pages					={597--604},
  year					={2010}
}

@article{maclean2017does,
  title					={Does gender matter? An analysis of men's and women's accounts of responding to symptoms of lung cancer},
  author				={MacLean, Alice and Hunt, Kate and Smith, Sarah and Wyke, Sally},
  journal				={Soc Sci Med},
  volume				={191},
  pages					={134--142},
  year					={2017},
  publisher				={Elsevier}
}

@article{martikainen1996excess,
  title					={Excess mortality of unemployed men and women during a period of rapidly increasing unemployment},
  author				={Martikainen, Pekka T and Valkonen, Tapani},
  journal				={Lancet},
  volume				={348},
  pages					={909--912},
  year					={1996},
  publisher				={Elsevier}
}

@Article{McQueenie2019,
	title				={Morbidity, mortality and missed appointments in healthcare: a national retrospective data linkage study},
	author				={McQueenie, Rossand Ellis, David A. and McConnachie, Alex and Wilson, Philipand Williamson, Andrea E.},
	journal				={BMC Med},
	year				={2019},
	volume				={17}
}

@article{mcnay2005excess,
  title					={Excess female mortality in nineteenth-century England and Wales: A regional analysis},
  author				={McNay, Kirsty and Humphries, Jane and Klasen, Stephan},
  journal				={Soc Sci His},
  volume				={29},
  pages					={649--681},
  year					={2005},
  publisher				={Cambridge University Press}
}

@article{meiboom2015medical,
  title					={Why medical students do not choose a career in geriatrics: a systematic review},
  author				={Meiboom, Ariadne A and de Vries, Henk and Hertogh, Cees MPM and Scheele, Fedde},
  journal				={BMC Med Educ},
  volume				={15},
  pages					={101},
  year					={2015}
}

@article{merkow2015underlying,
  title					={Underlying reasons associated with hospital readmission following surgery in the United States},
  author				={Merkow, Ryan P and Ju, Mila H and Chung, Jeanette W and Hall, Bruce L and Cohen, Mark E and Williams, Mark V and Tsai, Thomas C and Ko, Clifford Y and Bilimoria, Karl Y},
  journal				={JAMA},
  volume				={313},
  pages					={483--495},
  year					={2015},
  publisher				={American Medical Association}
}

@article{mesle2004mortality,
  title					={Mortality in Central and Eastern Europe: long-term trends and recent upturns},
  author				={Mesl{\'e}, France},
  journal				={Demogr Res},
  volume				={2},
  pages					={45--70},
  year					={2004}
}

@article{min2005random,
  title					={Random effect models for repeated measures of zero-inflated count data},
  author				={Min, Yongyi and Agresti, Alan},
  journal				={Stat Model},
  volume				={5},
  pages					={1--19},
  year					={2005}
}

@article{modig2013age,
  title					={Age-specific trends in morbidity, mortality and case-fatality from cardiovascular disease, myocardial infarction and stroke in advanced age: evaluation in the Swedish population},
  author				={Modig, Karin and Andersson, Tomas and Drefahl, Sven and Ahlbom, Anders},
  journal				={PloS one},
  volume				={8},
  pages					={e64928},
  year					={2013},
  publisher				={Public Library of Science}
}

@article{modig2017estimating,
  title					={Estimating incidence and prevalence from population registers: example from myocardial infarction},
  author				={Modig, Karin and Berglund, Anita and Talb{\"a}ck, Mats and Ljung, Rickard and Ahlbom, Anders},
  journal				={Scand J Public Health},
  volume				={45},
  pages					={5--13},
  year					={2017},
  publisher				={Sage Publications Sage UK: London, England}
}

@article{modig2019temporal,
  title					={Temporal trends in incidence, recurrence and prevalence of stroke in an era of ageing populations, a longitudinal study of the total Swedish population},
  author				={Modig, Karin and Talb{\"a}ck, Mats and Ziegler, Louise and Ahlbom, Anders},
  journal				={BMC Geriatr},
  volume				={19},
  pages					={31},
  year					={2019},
  publisher				={BioMed Central}
}

@article{molassiotis2010mapping,
  title					={Mapping patients' experiences from initial change in health to cancer diagnosis: a qualitative exploration of patient and system factors mediating this process},
  author				={Molassiotis, A and Wilson, B and Brunton, L and Chandler, C},
  journal				={Eur J Cancer Care},
  volume				={19},
  pages					={98--109},
  year					={2010}
}

@article{moon2011widowhood,
  title					={Widowhood and mortality: a meta-analysis},
  author				={Moon, J Robin and Kondo, Naoki and Glymour, M Maria and Subramanian, SV},
  journal				={PloS one},
  volume				={6},
  pages					={e23465},
  year					={2011},
  publisher				={Public Library of Science}
}

@article{moser2007comparing,
  title					={Comparing health inequalities across time and place—rate ratios and rate differences lead to different conclusions: analysis of cross-sectional data from 22 countries 1991--2001},
  author				={Moser, Kath and Frost, Chris and Leon, David A},
  journal				={Int J Epidemiol},
  volume				={36},
  pages					={1285--1291},
  year					={2007},
  publisher				={Oxford University Press}
}

@article{mosca2011sex,
  title					={Sex/gender differences in cardiovascular disease prevention: what a difference a decade makes},
  author				={Mosca, Lori and Barrett-Connor, Elizabeth and Kass Wenger, Nanette},
  journal				={Circulation},
  volume				={124},
  pages					={2145--2154},
  year					={2011},
  publisher				={Am Heart Assoc}
}

@article{murray2012disability,
  title					={Disability-adjusted life years (DALYs) for 291 diseases and injuries in 21 regions, 1990--2010: a systematic analysis for the Global Burden of Disease Study 2010},
  author				={Murray, Christopher JL and Vos, Theo and Lozano, Rafael and Naghavi, Mohsen and Flaxman, Abraham D and Michaud, Catherine and Ezzati, Majid and Shibuya, Kenji and Salomon, Joshua A and Abdalla, Safa and others},
  journal				={Lancet},
  volume				={380},
  pages					={2197--2223},
  year					={2012},
  publisher				={Elsevier}
}

@article{munk1999implementation,
  title					={Implementation of ICD-10 in the Nordic countries},
  author				={Munk-J{\o}rgensen, Povl and Bertelsen, Aksel and Dahl, Alv A and Lehtinen, Klaus and Lindstr{\"o}m, Eva and Tomasson, Kristinn},
  journal				={Nord J Psychiatry},
  volume				={53},
  pages					={5--9},
  year					={1999},
  publisher				={Taylor \& Francis}
}

@article{naess2005four,
  title					={Four indicators of socioeconomic position: relative ranking across causes of death},
  author				={N{\ae}ss, {\O}yvind and Claussen, Bj{\o}rgulf and Thelle, Dag S and Smith, George Davey},
  journal				={Scand J Public Health},
  volume				={33},
  pages					={215--221},
  year					={2005},
  publisher				={Sage Publications Sage UK: London, England}
}

@misc{national2011myocardial,
  title					={Myocardial infarctions in Sweden 1987-2010. Report series: Official statistics of Sweden. Statistics -- Health and Medical Care},
  author				={The National Board of Health \& Welfare,.},
  year					={2011},
  publisher				={Stockholm, Sweden}
}

@article{najari2013sex,
  title					={Sex disparities in cancer mortality: the risks of being a man in the United States},
  author				={Najari, Bobby B and Rink, Michael and Li, Philip S and Karakiewicz, Pierre I and Scherr, Douglas S and Shabsigh, Ridwan and Meryn, Siegfried and Schlegel, Peter N and Shariat, Shahrokh F},
  journal				={J Urol},
  volume				={189},
  pages					={1470--1474},
  year					={2013},
  publisher				={Elsevier}
}

@article{nelson2005ageism,
  title					={Ageism: Prejudice against our feared future self},
  author				={Nelson, Todd D},
  journal				={J Soc Issues},
  volume				={61},
  pages					={207--221},
  year					={2005}
}

@article{neelon2016modeling,
  title					={Modeling zero-modified count and semicontinuous data in health services research Part 1: Background and overview},
  author				={Neelon, Brian and O'Malley, A James and Smith, Valerie A},
  journal				={Stat Med},
  volume				={35},
  pages					={5070--5093},
  year					={2016}
}

@article{nielsen2014sex,
  title					={Sex-specific trends in 4-year survival in 37 276 men and women with acute myocardial infarction before the age of 55 years in Sweden, 1987--2006: a register-based cohort study},
  author				={Nielsen, S and Bj{\"o}rck, L and Berg, J and Giang, KW and Sandstr{\"o}m, T Zverkova and Falk, K and M{\"a}{\"a}tt{\"a}, S and Rosengren, A},
  journal				={BMJ Open},
  volume				={4},
  pages					={e004598},
  year					={2014},
  publisher				={BMJ Publishing Group}
}

@article{ng2015increasing,
  title					={Increasing negativity of age stereotypes across 200 years: Evidence from a database of 400 million words},
  author				={Ng, Reuben and Allore, Heather G and Trentalange, Mark and Monin, Joan K and Levy, Becca R},
  journal				={PloS one},
  volume				={10},
  pages					={e0117086},
  year					={2015}
}

@article{noone2008men,
  title					={Men, masculine identities, and health care utilisation},
  author				={Noone, Jack H and Stephens, Christine},
  journal				={Sociol Health Illn},
  volume				={30},
  pages					={711--725},
  year					={2008},
  publisher				={Wiley Online Library}
}

@article{nusselder2010gender,
  title					={Gender differences in health of EU10 and EU15 populations: the double burden of EU10 men},
  author				={Nusselder, WJ and Looman, CWN and Van Oyen, Herman and Robine, Jean-Marie and Jagger, Carol},
  journal				={Eur J Ageing},
  volume				={7},
  pages					={219--227},
  year					={2010},
  publisher				={Springer}
}

@article{nybo2001functional,
  title					={Functional Status and Self-Rated Health in 2,262 Nonagenarians: The Danish 1905 Cohort Survey},
  author				={Nybo, Hanne and Gaist, David and Jeune, Bernard and McGue, Matt and Vaupel, James W and Christensen, Kaare},
  journal				={J Am Geriatr Soc},
  volume				={49},
  pages					={601--609},
  year					={2001},
  publisher				={Wiley Online Library}
}

@article{o2005s,
  title					={‘It's caveman stuff, but that is to a certain extent how guys still operate’: men's accounts of masculinity and help seeking},
  author				={O'Brien, Rosaleen and Hunt, Kate and Hart, Graham},
  journal				={Soc Sci Med},
  volume				={61},
  pages					={503--516},
  year					={2005},
  publisher				={Elsevier}
}

@article{o2005measuring,
  title					={Measuring diagnoses: ICD code accuracy},
  author				={O'Malley, Kimberly J and Cook, Karon F and Price, Matt D and Wildes, Kimberly Raiford and Hurdle, John F and Ashton, Carol M},
  journal				={Health Serv Res},
  volume				={40},
  pages					={1620--1639},
  year					={2005},
  publisher				={Wiley Online Library}
}

@article{oakley2014equipping,
  title					={Equipping tomorrow's doctors for the patients of today},
  author				={Oakley, Rachel and Pattinson, Joanne and Goldberg, Sarah and Daunt, Laura and Samra, Rajvinder and Masud, Tahir and Gladman, John RF and Blundell, Adrian G and Gordon, Adam L},
  journal				={Age Ageing},
  volume				={43},
  pages					={442--447},
  year					={2014}
}

@book{oecd2017indicators,
  title					={Health at a Glance: OECD Indicators 2017},
  author				={OECD},
  year					={2017},
  publisher				={OECD Publishing, Paris}
}

@article{oertelt2012influence,
  title					={The influence of sex and gender on the immune response},
  author				={Oertelt-Prigione, Sabine},
  journal				={Autoimmun Rev},
  volume				={11},
  pages					={A479--A485},
  year					={2012},
  publisher				={Elsevier}
}

@article{oeppen2002broken,
  title					={Broken limits to life expectancy},
  author				={Oeppen, Jim and Vaupel, James W},
  journal				={Science},
  volume				={296},
  pages					={1029--1031},
  year					={2002},
  publisher				={American Association for the Advancement of Science}
}

@article{olesen2009delay,
  title					={Delay in diagnosis: the experience in Denmark},
  author				={Olesen, Frede and Hansen, Rikke Pilegaard and Vedsted, Peter},
  journal				={Br J Cancer},
  volume				={101},
  pages					={5--8},
  year					={2009},
  publisher				={Nature Publishing Group}
}

@article{omran1971epidemiologic,
  title					= {The epidemiologic transition: a theory of the epidemiology of population change},
  author				= {Omran, Abdel R},
  journal				= {Milbank Q},
  volume				= {49},
  pages					= {509--538},
  year					= {1971},
  publisher				= {Wiley Online Library}
}

@Article{oksuzyan2008,
  Title                 = {Men: good health and high mortality. Sex differences in health and aging},
  Author                = {Oksuzyan, Anna and Juel, K. and Vaupel, J. W. and Christensen, K.},
  Journal               = {Aging Clin Exp Res},
  Year                  = {2008},
  Pages                 = {91--102},
  Volume                = {2}
}

@article{oksuzyan2009male,
  title					={The male--female health--survival paradox: a survey and register study of the impact of sex-specific selection and information bias},
  author				={Oksuzyan, Anna and Petersen, Inge and Stovring, Henrik and Bingley, Paul and Vaupel, James W and Christensen, Kaare},
  journal				={Ann Epidemiol},
  volume				={19},
  pages					={504--511},
  year					={2009},
  publisher				={Elsevier}
}

@Article{oksuzyan2010,
  Title                 = {Cross-national comparison of sex differences in health and mortality in Denmark, Japan and the US},
  Author                = {Oksuzyan, Anna and Crimmins, Eileen and Saito, Yasuhiko and O’Rand, Angela and Vaupel, James W. and Christensen, Kaare},
  Journal               = {Eur J Epidemiol},
  Year                  = {2010},
  Pages                 = {471--480},
  Volume                = {7}
}

@article{oksuzyan2013changes,
  title					={Changes in hospitalisation and surgical procedures among the oldest-old: a follow-up study of the entire Danish 1895 and 1905 cohorts from ages 85 to 99 years},
  author				={Oksuzyan, Anna and Jeune, Bernard and Juel, Knud and Vaupel, James W and Christensen, Kaare},
  journal				={Age Ageing},
  volume				={42},
  pages					={476--481},
  year					={2013},
  publisher				={British Geriatrics Society}
}

@article{oksuzyan2014sex,
  title					={Sex differences in health and mortality in Moscow and Denmark},
  author				={Oksuzyan, A and Shkolnikova, M and Vaupel, JW and Christensen, Kaare and Shkolnikov, VM},
  journal				={Eur J Epidemiol},
  volume				={29},
  pages					={243--252},
  year					={2014},
  publisher				={Springer}
}

@Article{oksuzyan2015,
  Title                  ={Sex Differences in Biological Markers of Health in the Study of Stress, Aging and Health in Russia},
  Author                 ={Oksuzyan, Anna and Shkolnikova, Maria and Vaupel, James W. and Christensen, Kaare and Shkolnikov, Vladimir M.},
  Journal                ={PloS one},
  Year                   ={2015},
  pages			  		 ={e0131691},
  Volume                 ={6}
}

@article{oksuzyan2019story,
  title					={Is the story about sensitive women and stoical men true? Gender differences in health after adjustment for reporting behavior},
  author				={Oksuzyan, Anna and Da{\'n}ko, Maciej J and Caputo, Jennifer and Jasilionis, Domantas and Shkolnikov, Vladimir M},
  journal				={Soc Sci Med},
  volume				={228},
  pages					={41--50},
  year					={2019},
  publisher				={Elsevier}
}

@article{olsen2010high,
  title					={High-throughput epidemiology: combining existing data from the Nordic countries in health-related collaborative research},
  author				={Olsen, J{\o}rn and Br{\o}nnum-Hansen, Henrik and Gissler, Mika and Hakama, Matti and Hjern, Anders and Kamper-J{\o}rgensen, Finn and Rafnsson, Vilhj{\'a}lmur and Tell, Grethe S and Thaulow, Ivan and Thygesen, Lau C},
  journal				={Scand J Public Health},
  volume				={38},
  pages					={777--779},
  year					={2010},
  publisher				={Sage Publications Sage UK: London, England}
}

@article{oliver2005help,
  title					={Help-seeking behaviour in men and women with common mental health problems: cross-sectional study},
  author				={Oliver, Maria Isabel and Pearson, Nicky and Coe, Nicola and Gunnell, David},
  journal				={Br J Psychiatry},
  volume				={186},
  pages					={297--301},
  year					={2005}
 }

@article{ozcan2016danish,
  title					={The Danish heart registry},
  author				={{\"O}zcan, Cengiz and Juel, Knud and Lassen, Jens Flensted and von Kappelgaard, Lene Mia and Mortensen, Poul Erik and Gislason, Gunnar},
  journal				={Clin Epidemiol},
  volume				={8},
  pages					={503--508},
  year					={2016},
  publisher				={Dove Press}
}

@article{pallesen2010data,
  title					={Data on education: From population statistics to epidemiological research},
  author				={Pallesen, Palle Bo and Tverborgvik, Torill and Rasmussen, Hanna Barbara and Lynge, Elsebeth},
  journal				={Scand J Public Health},
  volume				={38},
  pages					={177--183},
  year					={2010},
  publisher				={Sage Publications Sage UK: London, England}
}

@article{pallin2014us,
  title					={US population aging and demand for inpatient services},
  author				={Pallin, Daniel J and Espinola, Janice A and Camargo Jr, Carlos A},
  journal				={J Hosp Med},
  volume				={9},
  pages					={193--196},
  year					={2014}
}

@article{parker2007health,
  title					={Health trends in the elderly population: getting better and getting worse},
  author				={Parker, Marti G and Thorslund, Mats},
  journal				={Gerontologist},
  volume				={47},
  pages					={150--158},
  year					={2007},
  publisher				={Oxford University Press}
}

@article{patrick1989generic,
  title					={Generic and disease-specific measures in assessing health status and quality of life},
  author				={Patrick, Donald L and Deyo, Richard Rick},
  journal				={Med Care},
  volume				={27},
  number				={3},
  pages					={S217--S232},
  year					={1989},
  publisher				={Lippincott Williams and Wilkins}
}

@Article{pedersen2006,
  Title                 ={The Danish Civil Registration System},
  Author                ={Pedersen, Carsten B{\o}cker and G{\o}tzsche, Heine and M{\o}ller, J{\o}rgen {\O}. and Mortensen, Preben Bo},
  Journal               ={Dan Med Bull},
  Year                  ={2006},
  Pages                 ={441--449},
  Volume                ={4}
}

@Article{pedersen2011,
  Title                  ={The Danish Civil Registration System},
  Author                 ={Pedersen, Carsten B{\o}cker},
  Journal                ={Scand J Public Health},
  Year                   ={2011},
  Pages                  ={22--25},
  Volume                 ={7}
}

@article{pedersen2012general,
  title					={General practice and primary health care in Denmark},
  author				={Pedersen, Kjeld M{\o}ller and Andersen, John Sahl and S{\o}ndergaard, Jens},
  journal				={J Am Board Fam Med},
  volume				={25},
  pages					={34--38},
  year					={2012}
}

@article{petrea2009,
  title			   		={Gender differences in stroke incidence and poststroke disability in the Framingham heart study},
  author		   		={Petrea, Rodica E and Beiser, Alexa S and Seshadri, Sudha and Kelly-Hayes, Margaret and Kase, Carlos S and Wolf, Philip A},
  journal		   		={Stroke},
  volume		   		={40},
  pages			   		={1032--1037},
  year			   		={2009},
  publisher		   		={American Heart Association}
}

@book{preston2000demography,
  title					={Demography: measuring and modeling population processes},
  author				={Preston, Samuel and Heuveline, Patrick and Guillot, Michel},
  year					={2000},
  publisher				={Wiley-Blackwell}
}

@article{radkiewicz2017sex,
  title					={Sex differences in cancer risk and survival: A Swedish cohort study},
  author				={Radkiewicz, Cecilia and Johansson, Anna LV and Dickman, Paul W and Lambe, Mats and Edgren, Gustaf},
  journal				={Eur J Cancer},
  volume				={84},
  pages					={130--140},
  year					={2017},
  publisher				={Elsevier}
}

@article{rasmussen2018absolute,
  title					={Absolute 10-year risk of dementia by age, sex and APOE genotype: a population-based cohort study},
  author				={Rasmussen, Katrine L and Tybj{\ae}rg-Hansen, Anne and Nordestgaard, B{\o}rge G and Frikke-Schmidt, Ruth},
  journal				={CMAJ},
  volume				={190},
  pages					={1033--1041},
  year					={2018},
  publisher				={Can Med Assoc}
}

@article{reade2009differences,
  title					={Differences in immune response may explain lower survival among older men with pneumonia},
  author				={Reade, Michael C and Yende, Sachin and D’Angelo, Gina and Kong, Lan and Kellum, John A and Barnato, Amber E and Milbrandt, Eric B and Dooley, Christopher and Mayr, Florian B and Weissfeld, Lisa and others},
  journal				={Crit Care Med},
  volume				={37},
  pages					={1655--1662},
  year					={2009},
  publisher				={NIH Public Access}
}

@article{reeves2014hospital,
  title					={Hospital admissions in relation to body mass index in UK women: a prospective cohort study},
  author				={Reeves, Gillian K and Balkwill, Angela and Cairns, Benjamin J and Green, Jane and Beral, Valerie},
  journal				={BMC Med},
  volume				={12},
  pages					={1},
  year					={2014},
  publisher				={BioMed Central}
}

@article{reeves2018challenge,
  title					={The challenge of ageing populations and patient frailty: can primary care adapt?},
  author				={Reeves, David and Pye, Stephen and Ashcroft, Darren M and Clegg, Andrew and Kontopantelis, Evangelos and Blakeman, Tom and van Marwijk, Harm},
  journal				={BMJ},
  volume				={362},
  pages					={k3349},
  year					={2018},
  publisher				={British Medical Journal Publishing Group}
}

@article{regan2013gender,
  title					={Gender and longevity: why do men die earlier than women? Comparative and experimental evidence},
  author				={Regan, Jennifer C and Partridge, Linda},
  journal				={Best Pract Res Clin Endocrinol Metab},
  volume				={27},
  pages					={467--479},
  year					={2013},
  publisher				={Elsevier}
}

@article{richards2016non,
  title					={Non-binary or genderqueer genders},
  author				={Richards, Christina and Bouman, Walter Pierre and Seal, Leighton and Barker, Meg John and Nieder, Timo O and T’Sjoen, Guy},
  journal				={Int Rev Psychiatry},
  volume				={28},
  pages					={95--102},
  year					={2016},
  publisher				={Taylor \& Francis}
}

@article{rider2018health,
  title					={Health and care utilization of transgender and gender nonconforming youth: A population-based study},
  author				={Rider, G Nicole and McMorris, Barbara J and Gower, Amy L and Coleman, Eli and Eisenberg, Marla E},
  journal				={Pediatrics},
  volume				={141},
  pages					={e20171683},
  year					={2018},
  publisher				={Am Acad Pediatrics}
}

@article{roberts2015revisiting,
  title					={Revisiting the washout period in the incident user study design: why 6--12 months may not be sufficient},
  author				={Roberts, Andrew W and Dusetzina, Stacie B and Farley, Joel F},
  journal				={J Comp Effect Res},
  volume				={4},
  pages					={27--35},
  year					={2015},
  publisher				={Future Medicine}
}

@article{robertson2006not,
  title					={Not living life in too much of an excess: lay men understanding health and well-being},
  author				={Robertson, Steve},
  journal				={Health},
  volume				={10},
  pages					={175--189},
  year					={2006}
}

@article{robine1991healthy,
  title					={Healthy life expectancy: evaluation of global indicator of change in population health},
  author				={Robine, Jean Marie and Ritchie, Karen},
  journal				={BMJ},
  volume				={302},
  pages					={457--460},
  year					={1991},
  publisher				={British Medical Journal Publishing Group}
}

@article{robine1998examination,
  title					={Examination of the causes and mechanisms of the increase in disability-free life expectancy},
  author				={Robine, Jean Marie and Mormiche, Pierre and Sermet, Catherine},
  journal				={J Aging Health},
  volume				={10},
  pages					={171--191},
  year					={1998},
  publisher				={Sage Publications Sage CA: Thousand Oaks, CA}
}

@article{robine1999health,
  title					={Health expectancy indicators},
  author				={Robine, Jean-Marie and Romieu, Isabelle and Cambois, Emmanuelle},
  journal				={Bull World Health Organ},
  volume				={77},
  pages					={181--185},
  year					={1999},
  publisher				={World Health Organization}
}

@article{rogers2010social,
  title					={Social, behavioral, and biological factors, and sex differences in mortality},
  author				={Rogers, Richard G and Everett, Bethany G and Saint Onge, Jarron M and Krueger, Patrick M},
  journal				={Demography},
  volume				={47},
  pages					={555--578},
  year					={2010},
  publisher				={Springer}
}

@article{rollman2001sex,
  title					={Sex differences in musculoskeletal pain},
  author				={Rollman, Gary B and Lautenbacher, Stefan},
  journal				={Clin J Pain},
  volume				={17},
  pages					={20--24},
  year					={2001},
  publisher				={LWW}
}

@article{rosengren2001,
  title			   		={Sex differences in survival after myocardial infarction in Sweden. Data from the Swedish National Acute Myocardial Infarction register},
  author		   		={Rosengren, A and Spetz, C-L and K{\"o}ster, M and Hammar, N and Alfredsson, L and Rosen, M},
  journal		   		={Eur Heart J},
  volume		   		={22},
  pages			   		={314--322},
  year			   		={2001},
  publisher		   		={European Society of Cardiology}
}

@article{ross2004patient,
  title					={Patient compliance in hypertension: role of illness perceptions and treatment beliefs},
  author				={Ross, S and Walker, A and MacLeod, MJ},
  journal				={J Hum Hypertens},
  volume				={18},
  pages					={607--613},
  year					={2004},
  publisher				={Nature Publishing Group}
}

@book{rothman2008modern,
  title					={Modern Epidemiology},
  author				={Rothman, Kenneth J and Greenland, Sander and Lash, Timothy L},
  year					={2008},
  publisher				={Wolters Kluwer Health/Lippincott Williams \& Wilkins Philadelphia}
}

@article{rieker2005rethinking,
  title					={Rethinking gender differences in health: why we need to integrate social and biological perspectives},
  author				={Rieker, Patricia P and Bird, Chloe E},
  journal				={J Gerontol B Psychol Sci Soc Sci},
  volume				={60},
  pages					={40--47},
  year					={2005},
  publisher				={Oxford University Press}
}

@article{rooney2002implementation,
  title					={The implementation of ICD-10 for cause of death coding-some preliminary results from the bridge coding study},
  author				={Rooney, Cleo and Griffiths, Clare and Cook, Lois},
  journal				={Health Stat Q},
  volume				={13},
  pages					={31--41},
  year					={2002}
}

@article{rose2006use,
  title					={On the use of zero-inflated and hurdle models for modeling vaccine adverse event count data},
  author				={Rose, Charles E and Martin, Stacey W and Wannemuehler, Kathleen A and Plikaytis, Brian D},
  journal				={Journal of biopharmaceutical statistics},
  volume				={16},
  pages					={463--481},
  year					={2006}
}

@article{ryder1965cohort,
  title					={The Cohort as a Concept in the Study of Social Change},
  author				={Ryder, Norman B},
  journal				={Am Sociol Rev},
  volume				={30},
  pages					={843--861},
  year					={1965}
}


@article{salomon2012healthy,
  title					={Healthy life expectancy for 187 countries, 1990--2010: a systematic analysis for the Global Burden Disease Study 2010},
  author				={Salomon, Joshua A and Wang, Haidong and Freeman, Michael K and Vos, Theo and Flaxman, Abraham D and Lopez, Alan D and Murray, Christopher JL},
  journal				={Lancet},
  volume				={380},
  pages					={2144--2162},
  year					={2012},
  publisher				={Elsevier}
}

@article{sahl2011danish,
  title					={The Danish national health service register},
  author				={Sahl Andersen, John and De Fine Olivarius, Niels and Krasnik, Allan},
  journal				={Scand J Public Health},
  volume				={39},
  pages					={34--37},
  year					={2011}
}

@article{samra2015medical,
  title					={Medical students' and doctors' attitudes towards older patients and their care in hospital settings: a conceptualisation},
  author				={Samra, Rajvinder and Griffiths, Amanda and Cox, Tom and Conroy, Simon and Gordon, Adam and Gladman, John RF},
  journal				={Age Ageing},
  volume				={44},
  number				={5},
  pages					={776--783},
  year					={2015}
}

@article{samra2017factors,
  title					={Factors related to medical students’ and doctors’ attitudes towards older patients: a systematic review},
  author				={Samra, Rajvinder and Cox, Tom and Gordon, Adam Lee and Conroy, Simon Paul and Lucassen, Mathijs FG and Griffiths, Amanda},
  journal				={Age Ageing},
  volume				={46},
  pages					={911--919},
  year					={2017},
  publisher				={Oxford University Press}
}

@article{sanders1964measuring,
  title					={Measuring community health levels},
  author				={Sanders, Barkev S},
  journal				={Am J Public Health Nations Health},
  volume				={54},
  pages					={1063--1070},
  year					={1964},
  publisher				={American Public Health Association}
}

@article{sasson2016trends,
  title					={Trends in life expectancy and lifespan variation by educational attainment: United States, 1990--2010},
  author				={Sasson, Isaac},
  journal				={Demography},
  volume				={53},
  pages					={269--293},
  year					={2016},
  publisher				={Springer}
}

@article{scambler2009health,
  title					={Health-related stigma},
  author				={Scambler, Graham},
  journal				={Sociol Health Illn},
  volume				={31},
  pages					={441--455},
  year					={2009}
}

@article{sarink2016projected,
  title					={Projected age-and sex-specific prevalence of cardiovascular diseases in Western Australian adults from 2005--2045},
  author				={Sarink, Danja and Nedkoff, Lee and Briffa, Tom and Shaw, Jonathan E and Magliano, Dianna J and Stevenson, Christopher and Mannan, Haider and Knuiman, Matthew and Peeters, Anna},
  journal				={Eur J Prev Cardiol},
  volume				={23},
  pages					={23--32},
  year					={2016}
}

@article{sasaki2007grip,
  title					={Grip strength predicts cause-specific mortality in middle-aged and elderly persons},
  author				={Sasaki, Hideo and Kasagi, Fumiyoshi and Yamada, Michiko and Fujita, Shoichiro},
  journal				={Am J Med},
  volume				={120},
  pages					={337--342},
  year					={2007},
  publisher				={Elsevier}
}

@article{schiebinger2016gender,
  title					={Gender Matters in Biological Research and Medical Practice},
  author				={Schiebinger, L and Stefanick, ML},
  journal				={‎J Am Coll Cardiol},
  volume				={67},
  pages					={136--138},
  year					={2016}
}

@article{schiebinger2016editorial,
  title					={Editorial policies for sex and gender analysis},
  author				={Schiebinger, Londa and Leopold, Seth S and Miller, Virginia M},
  journal				={Lancet},
  volume				={388},
  pages					={2841--2842},
  year					={2016}
}

@article{schmidt201225,
  title					={25 year trends in first time hospitalisation for acute myocardial infarction, subsequent short and long term mortality, and the prognostic impact of sex and comorbidity: a Danish nationwide cohort study},
  author				={Schmidt, Morten and Jacobsen, Jacob Bonde and Lash, Timothy L and B{\o}tker, Hans Erik and S{\o}rensen, Henrik Toft},
  journal				={BMJ},
  volume				={344},
  pages					={e356},
  year					={2012},
  publisher				={BMJ Publishing Group}
}

@Article{schmidt2014,
  title                 ={The Danish Civil Registration System as a tool in epidemiology},
  author                ={Schmidt, Morten and Pedersen, Lars and Sorensen, Henrik Toft},
  journal               ={Eur J Epidemiol},
  volume				={344},
  pages                 ={541--549},
  year                  ={2014}
}

@article{schmidt2015danish,
  title					={The Danish National Patient Registry: a review of content, data quality, and research potential},
  author				={Schmidt, Morten and Schmidt, Sigrun Alba Johannesdottir and Sandegaard, Jakob Lynge and Ehrenstein, Vera and Pedersen, Lars and S{\o}rensen, Henrik Toft},
  journal				={Clin Epidemiol},
  volume				={7},
  pages					={449--490},
  year					={2015},
  publisher				={Dove Press}
}

@article{schofield2006demographic,
  title					={Demographic change and the future demand for public hospital care in Australia, 2005 to 2050},
  author				={Schofield, Deborah J and Earnest, Arul},
  journal				={Aust Health Rev},
  volume				={30},
  pages					={507--515},
  year					={2006},
  publisher				={CSIRO}
}

@article{seaman2016increasing,
  title					={Increasing inequality in age of death at shared levels of life expectancy: a comparative study of Scotland and England and Wales},
  author				={Seaman, Rosie and Leyland, Alastair H and Popham, Frank},
  journal				={SSM Population Health},
  volume				={2},
  pages					={724--731},
  year					={2016},
  publisher				={Elsevier}
}

@article{seifarth2012sex,
  title					={Sex and life expectancy},
  author				={Seifarth, Joshua E and McGowan, Cheri L and Milne, Kevin J},
  journal				={Gend Med},
  volume				={9},
  pages					={390--401},
  year					={2012},
  publisher				={Elsevier}
}

@article{shor2012widowhood,
  title					={Widowhood and mortality: a meta-analysis and meta-regression},
  author				={Shor, Eran and Roelfs, David J and Curreli, Misty and Clemow, Lynn and Burg, Matthew M and Schwartz, Joseph E},
  journal				={Demography},
  volume				={49},
  pages					={575--606},
  year					={2012},
  publisher				={Springer}
}

@article{simon2006impact,
  title					={Impact of age and gender on in-hospital and late mortality after acute myocardial infarction: increased early risk in younger women},
  author				={Simon, Tabassome and Mary-Krause, Murielle and Cambou, Jean-Pierre and Hanania, Guy and Gu{\'e}ret, Pascal and Lablanche, Jean-Marc and Blanchard, Didier and Gen{\`e}s, Nathalie and Danchin, Nicolas},
  journal				={Eur Heart J},
  volume				={27},
  pages					={1282--1288},
  year					={2006},
  publisher				={European Society of Cardiology}
}

@article{simmonds2014understanding,
  title					={Understanding NHS hospital admissions in England: linkage of Hospital episode statistics to the Hertfordshire cohort study},
  author				={Simmonds, Shirley J and Syddall, Holly E and Walsh, Bronagh and Evandrou, Maria and Dennison, Elaine M and Cooper, Cyrus and Sayer, Avan Aihie},
  journal				={Age Ageing},
  pages					={653--660},
  year					={2014},
  publisher				={British Geriatrics Society}
}

@article{singh2008gender,
  title					={Gender differences in the association between morbidity and mortality among middle-aged men and women},
  author				={Singh-Manoux, Archana and Gu{\'e}guen, Alice and Ferrie, Jane and Shipley, Martin and Martikainen, Pekka and Bonenfant, S{\'e}bastien and Goldberg, Marcel and Marmot, Michael},
  journal				={Am J Public Health},
  volume				={98},
  pages					={2251--2257},
  year					={2008},
  publisher				={American Public Health Association}
}

@article{smith2005patients,
  title					={Patients' help-seeking experiences and delay in cancer presentation: a qualitative synthesis},
  author				={Smith, Lucy K and Pope, Catherine and Botha, Johannes L},
  journal				={Lancet},
  volume				={366},
  pages					={825--831},
  year					={2005},
  publisher				={Elsevier}
}

@article{smith2006we,
  title					={What do we know about men's help-seeking and health service use?},
  author				={Smith, James A and Braunack-Mayer, Annette and Wittert, Gary},
  journal				={Med J Aust},
  volume				={184},
  pages					={81},
  year					={2006},
  publisher				={Australasian Medical Publishing Company}
}

@article{smyth2015alcohol,
  title					={Alcohol consumption and cardiovascular disease, cancer, injury, admission to hospital, and mortality: a prospective cohort study},
  author				={Smyth, Andrew and Teo, Koon K and Rangarajan, Sumathy and O'Donnell, Martin and Zhang, Xiaohe and Rana, Punam and Leong, Darryl P and Dagenais, Gilles and Seron, Pamela and Rosengren, Annika and others},
  journal				={Lancet},
  volume				={386},
  pages					={1945--1954},
  year					={2015},
  publisher={Elsevier}
}

@article{smith2008factors,
  title					={Factors contributing to the time taken to consult with symptoms of lung cancer: a cross sectional study},
  author				={Smith, Sarah M and Campbell, Neil C and MacLeod, Una and Lee, Amanda J and Raja, Amalraj and Wyke, Sally and Ziebland, Sue B and Duff, Eileen M and Ritchie, Lewis D and Nicolson, Marianne C},
  journal				={Thorax},
  volume				={64},
  pages					={523--531},
  year					={2009},
  publisher				={BMJ Publishing Group Ltd}
}

@article{smith2009future,
  title					={Future of cancer incidence in the United States: burdens upon an aging, changing nation},
  author				={Smith, Benjamin D and Smith, Grace L and Hurria, Arti and Hortobagyi, Gabriel N and Buchholz, Thomas A},
  journal				={J Clin Oncol},
  volume				={27},
  pages					={2758--2765},
  year					={2009}
}

@article{sortso2017socioeconomic,
  title					={Socioeconomic inequality of diabetes patients’ health care utilization in Denmark},
  author				={Sorts{\o}, Camilla and Lauridsen, J{\o}rgen and Emneus, Martha and Green, Anders and Jensen, Peter Bj{\o}dstrup},
  journal				={Health Econ Rev},
  volume				={7},
  pages					={21},
  year					={2017},
  publisher				={SpringerOpen}
}

@article{speakman2005body,
  title					={Body size, energy metabolism and lifespan},
  author				={Speakman, John R},
  journal				={J Exp Biol},
  volume		  		={208},
  pages					={1717--1730},
  year					={2005},
  publisher				={The Company of Biologists}
}

@book{statden2018,
  title					={Documentation of Statistics for Population Projections for Denmark 2018},
  author				={Statistics Denmark,.},
  publisher				={Population Education and Social Statistics Unit},
  year					={2018}
}

@article{starfield2005contribution,
  title					={Contribution of primary care to health systems and health},
  author				={Starfield, Barbara and Shi, Leiyu and Macinko, James},
  journal				={Milbank Q},
  volume				={83},
  pages					={457--502},
  year					={2005},
  publisher				={Wiley Online Library}
}

@article{starfield2011politics,
  title					={Politics, primary healthcare and health: was Virchow right?},
  author				={Starfield, Barbara},
  journal				={J Epidemiol Community Health},
  volume				={65},
  pages					={653--655},
  year					={2011}
}

@article{starfield2012clinical,
	title				={Clinical care and health disparities},
	author				={Starfield, B and G{\'e}rvas, J and Mangin, D},
	journal				={Annu Rev Public Health},
	volume				={33},
	pages				={89--106},
	year				={2012},
	publisher			={Annual Reviews}
}

@article{staetsky2009unusually,
  title					={Unusually small sex differentials in mortality of Israeli Jews: What does the structure of causes of death tell us?},
  author				={Staetsky, L Daniel and Hinde, Andrew},
  journal				={Demogr Res},
  volume				={20},
  pages					={209--252},
  year					={2009}
}

@article{stallard2016compression,
  title					={Compression of morbidity and mortality: new perspectives},
  author				={Stallard, Eric},
  journal				={N Amer Actuarial J},
  volume				={20},
  pages					={341--354},
  year					={2016},
  publisher				={Taylor \& Francis}
}

@article{stindl2004,
  Title                 ={Typing it all together: telomeres, sexual size dimorphism and the gender gap in life expectancy},
  Author                ={Stindl, R},
  Journal               ={Med Hypotheses},
  Year                  ={2004},
  Pages                 ={151--154},
}

@article{stroebe2007health,
  title					={Health outcomes of bereavement},
  author				={Stroebe, Margaret and Schut, Henk and Stroebe, Wolfgang},
  journal				={Lancet},
  volume				={370},
  pages					={1960--1973},
  year					={2007},
  publisher				={Elsevier}
}

@article{strunk2006effect,
  title					={The Effect Of Population Aging On Future Hospital Demand: A simulation of future spending finds that aging will not be the strongest influence on inpatient hospital use.},
  author				={Strunk, Bradley C and Ginsburg, Paul B and Banker, Michelle I},
  journal				={Health Aff},
  volume				={25},
  pages					={141--149},
  year					={2006}
}

@article{sullivan1971single,
  title					={A single index of mortality and morbidity.},
  author				={Sullivan, Daniel F},
  journal				={HSMHA Health Rep},
  volume				={86},
  pages					={347--354},
  year					={1971},
  publisher				={Association of Schools of Public Health}
}

@article{suzman2015health,
  title					={Health in an ageing world -- what do we know?},
  author				={Suzman, Richard and Beard, John R and Boerma, Ties and Chatterji, Somnath},
  journal				={Lancet},
  volume				={385},
  number				={9967},
  pages					={484--486},
  year					={2015},
  publisher				={Elsevier}
}

@article{syddall2016understanding,
  title					={Understanding poor health behaviours as predictors of different types of hospital admission in older people: findings from the Hertfordshire Cohort Study},
  author				={Syddall, Holly E and Westbury, Leo D and Simmonds, Shirley J and Robinson, Sian and Cooper, Cyrus and Sayer, Avan Aihie},
  journal				={J Epidemiol Community Health},
  volume				={70},
  pages					={292--298},
  year					={2016},
  publisher				={BMJ Publishing Group}
}

@Article{thorslund2013,
  Title                 = {The rise and fall of women’s advantage: a comparison of national trends in life expectancy at ages 65 years},
  Author                = {Thorslund, M. and Wastesson J. W. and Agahi, N. and Lagergren, M. and Parker, M. G.},
  Journal               = {Eur J Ageing},
  Year                  = {2013},
  Pages                 = {271--277},
  Volume                = {4}
}

@article{tsang2008common,
  title					={Common chronic pain conditions in developed and developing countries: gender and age differences and comorbidity with depression-anxiety disorders},
  author				={Tsang, Adley and Von Korff, Michael and Lee, Sing and Alonso, Jordi and Karam, Elie and Angermeyer, Matthias C and Borges, Guilherme Luiz Guimaraes and Bromet, Evelyn J and De Girolamo, Giovanni and De Graaf, Ron and others},
  journal				={J Pain},
  volume				={9},
  pages					={883--891},
  year					={2008},
  publisher				={Elsevier}
}

@article{thun2012stages,
  title					={Stages of the cigarette epidemic on entering its second century},
  author				={Thun, Michael and Peto, Richard and Boreham, Jillian and Lopez, Alan D},
  journal				={Tob Control},
  volume				={21},
  pages					={96--101},
  year					={2012},
  publisher				={BMJ Publishing Group}
}

@Article{thygesen2011,
  Title                  ={Introduction to Danish (nationwide) registers on health and social issues: structure, access, legislation, and archiving.},
  Author                 ={Thygesen, Lau Caspar and Daasnes, Camilla and Thaulow, Ivan and Br{\o}nnum-Hansen, Henrik},
  Journal                ={Scand J Public Health},
  Year                   ={2011},
  Pages                  ={12--16},
  Volume                 ={7}
}

@article{thygesen2014entire,
  title					={When the entire population is the sample: strengths and limitations in register-based epidemiology},
  author				={Thygesen, Lau Caspar and Ersb{\o}ll, Annette Kj{\ae}r},
  journal				={Eur J Epidemiol},
  volume				={29},
  pages					={551--558},
  year					={2014},
  publisher				={Springer}
}

@article{townsend2008frequent,
  title					={Frequent consulting and multiple morbidity: a qualitative comparison of ‘high’and ‘low’consulters of GPs},
  author				={Townsend, Anne and Wyke, Sally and Hunt, Kate},
  journal				={Fam Pract},
  volume				={25},
  pages					={168--175},
  year					={2008}
}

@article{tuzen2018comparison,
  title					={A comparison of count data models with an application to daily cigarette consumption of young persons},
  author				={T{\"u}zen, Muhammed Fatih and Erba{\c{s}}, Semra},
  journal				={Commun Stat Theory Methods},
  volume				={47},
  pages					={5825--5844},
  year					={2018}
}

@article{tramer2005number,
  title					={Number needed to treat (or harm)},
  author				={Tram{\`e}r, Martin R and Walder, Bernhard},
  journal				={World J Surg},
  volume				={29},
  pages					={576--581},
  year					={2005},
  publisher				={Springer}
}

@article{unden2008gender,
  title					={Gender differences in self-rated health, quality of life, quality of care, and metabolic control in patients with diabetes},
  author				={Und{\'e}n, Anna-Lena and Elofsson, Stig and Andr{\'e}asson, Anna and Hillered, Eva and Eriksson, Ingeborg and Brismar, Kerstin},
  journal				={Gend Med},
  volume				={5},
  pages					={162--180},
  year					={2008},
  publisher				={Elsevier}
}

@article{van2015role,
  title					={The role of smoking on mortality compression: An analysis of Finnish occupational social classes, 1971-2010},
  author				={van Raalte, Alyson and Myrskyl{\"a}, Mikko and Martikainen, Pekka},
  journal				={Demogr Res},
  volume				={32},
  pages					={589--620},
  year					={2015}
}

@article{van2018case,
  title					={The case for monitoring life-span inequality},
  author				={van Raalte, Alyson A and Sasson, Isaac and Martikainen, Pekka},
  journal				={Science},
  volume				={362},
  pages					={1002--1004},
  year					={2018},
  publisher				={American Association for the Advancement of Science}
}

@article{vaccarino2009sex,
  title					={Sex differences in mortality after acute myocardial infarction: changes from 1994 to 2006},
  author				={Vaccarino, Viola and Parsons, Lori and Peterson, Eric D and Rogers, William J and Kiefe, Catarina I and Canto, John},
  journal				={Arch Intern Med},
  volume				={169},
  pages					={1767--1774},
  year					={2009},
  publisher				={American Medical Association}
}

@article{valkonen1997contribution,
  title					={The contribution of smoking to sex differences in life expectancy},
  author				={Valkonen, Tapani and Van Poppel, Frans},
  journal				={Eur J Public Health},
  volume				={7},
  pages					={302--310},
  year					={1997},
  publisher				={Oxford University Press}
}

@article{vallin2004convergences,
  title					={Convergences and divergences in mortality: a new approach of health transition},
  author				={Vallin, Jacques and Mesl{\'e}, France},
  journal				={Demogr Res},
  volume				={2},
  pages					={11--44},
  year					={2004}
}

@article{van2013gender,
  title					={Gender differences in healthy life years within the EU: an exploration of the “health--survival” paradox},
  author				={Van Oyen, Herman and Nusselder, Wilma and Jagger, Carol and Kolip, Petra and Cambois, Emmanuelle and Robine, Jean-Marie},
  journal				={Int J Public Health},
  volume				={58},
  pages					={143--155},
  year					={2013},
  publisher				={Springer}
}

@article{van2014lifespan,
  title					={Lifespan variation by occupational class: compression or stagnation over time?},
  author				={van Raalte, Alyson A and Martikainen, Pekka and Myrskyl{\"a}, Mikko},
  journal				={Demography},
  volume				={51},
  pages					={73--95},
  year					={2014},
  publisher				={Springer}
}

@Article{vaupel1979,
  Title                 = {The Impact of Heterogeneity in Individual Frailty on the Dynamics of Mortality},
  Author                = {Vaupel, James W. and Manton, Kenneth G. and Stallard, Eric},
  Journal               = {Demography},
  Year                  = {1979},
  Pages                 = {439--454},
  Volume                = {16}
}

@article{vaupel2010biodemography,
  title					={Biodemography of human ageing},
  author				={Vaupel, James W},
  journal				={Nature},
  volume				={464},
  pages					={536--542},
  year					={2010},
  publisher				={Nature Publishing Group}
}

@article{vestergaard2015physical,
  title					={Physical and mental decline and yet rather happy? A study of Danes aged 45 and older},
  author				={Vestergaard, Sonja and Thinggaard, Mikael and Jeune, Bernard and Vaupel, James W and McGue, Matt and Christensen, Kaare},
  journal				={Aging Ment Health},
  volume				={19},
  pages					={400--408},
  year					={2015},
  publisher				={Taylor \& Francis}
}

@article{vogl2016informing,
  title					={Informing management on the future structure of hospital care: an extrapolation of trends in demand and costs in lung diseases},
  author				={Vogl, Matthias and Leidl, Reiner},
  journal				={Eur J Health Econ},
  volume				={17},
  pages					={505--517},
  year					={2016},
  publisher				={Springer}
}

@article{volzke2011cohort,
  title					={Cohort profile: the study of health in Pomerania},
  author				={V{\"o}lzke, Henry and Alte, Dietrich and Schmidt, Carsten Oliver and Radke, D{\"o}rte and Lorbeer, Roberto and Friedrich, Nele and Aumann, Nicole and Lau, Katharina and Piontek, Michael and Born, Gabriele and others},
  journal				={Int J Epidemiol},
  volume				={40},
  pages					={294--307},
  year					={2011},
  publisher				={Oxford University Press}
}

@article{von2003women,
  title					={Women are more disabled in basic activities of daily living than men only in very advanced ages: a study on disability, morbidity, and mortality from the Kungsholmen Project},
  author				={von Strauss, Eva and Ag{\"u}ero-Torres, Hedda and K{\aa}reholt, Ingemar and Winblad, Bengt and Fratiglioni, Laura},
  journal				={J Clin Epidemiol},
  volume				={56},
  pages					={669--677},
  year					={2003},
  publisher				={Elsevier}
}

@article{vos2012does,
  title					={Does prevention of risk behaviour in primary care require a gender-specific approach? A cross-sectional study},
  author				={Vos, Hedwig MM and Schellevis, Fran{\c{c}}ois G and van den Berkmortel, Hanneke and van den Heuvel, Linda GAM and Bor, Hans HJ and Lagro-Janssen, Antoine LM},
  journal				={Fam Pract},
  volume				={30},
  pages					={179--184},
  year					={2012}
}

@article{vrhovec2016population,
  title					={Population ageing and healthcare demand: The case of Slovenia},
  author				={Vrhovec, Jure and Tajnikar, Maks},
  journal				={Health Policy},
  volume				={120},
  pages					={1329--1336},
  year					={2016},
  publisher				={Elsevier}
}

@article{vrangbaek2005health,
  title					={Health policy in Denmark: leaving the decentralized welfare path?},
  author				={Vrangb{\ae}k, Karsten and Christiansen, Terkel},
  journal				={J Health Polit Polic},
  volume				={30},
  pages					={29--52},
  year					={2005},
  publisher				={Duke University Press}
}

@article{waldron2005trends,
  title					={Trends in gender differences in accidents mortality: Relationships to changing gender roles and other societal trends},
  author				={Waldron, Ingrid and McCloskey, Christopher and Earle, Inga},
  journal				={Demogr Res},
  volume				={13},
  pages					={415--454},
  year					={2005}
}

@article{waldron1996marriage,
  title					={Marriage protection and marriage selection -- prospective evidence for reciprocal effects of marital status and health},
  author				={Waldron, Ingrid and Hughes, Mary Elizabeth and Brooks, Tracy L},
  journal				={Soc Sci Med},
  volume				={43},
  pages					={113--123},
  year					={1996},
  publisher				={Elsevier}
}

@article{walldius2017cohort,
  title					={Cohort profile: the AMORIS cohort},
  author				={Walldius, G{\"o}ran and Malmstr{\"o}m, H{\aa}kan and Jungner, Ingmar and de Faire, Ulf and Lambe, Mats and Van Hemelrijck, Mieke and Hammar, Niklas},
  journal				={Int J Epidemiol},
  volume				={46},
  pages					={1103--1103i},
  year					={2017},
  publisher				={Oxford University Press}
}

@article{walter2001development,
  title					={Development and validation of a prognostic index for 1-year mortality in older adults after hospitalization},
  author				={Walter, Louise C and Brand, Richard J and Counsell, Steven R and Palmer, Robert M and Landefeld, C Seth and Fortinsky, Richard H and Covinsky, Kenneth E},
  journal				={JAMA},
  volume				={285},
  pages					={2987--2994},
  year					={2001},
  publisher				={American Medical Association}
}

@article{wang2013men,
  title					={Do men consult less than women? An analysis of routinely collected UK general practice data},
  author				={Wang, Yingying and Hunt, Kate and Nazareth, Irwin and Freemantle, Nick and Petersen, Irene},
  journal				={BMJ open},
  volume				={3},
  pages					={e003320},
  year					={2013},
  publisher				={British Medical Journal Publishing Group}
}

@article{wang2014gender,
  title					={Gender differences in survival and the use of primary care prior to diagnosis of three cancers: an analysis of routinely collected UK general practice data},
  author				={Wang, Yingying and Freemantle, Nick and Nazareth, Irwin and Hunt, Kate},
  journal				={PLoS One},
  volume				={9},
  pages					={e101562},
  year					={2014},
  publisher				={Public Library of Science}
}

@article{wang2016global,
  title					={Global, regional, and national life expectancy, all-cause mortality, and cause-specific mortality for 249 causes of death, 1980--2015: a systematic analysis for the Global Burden of Disease Study 2015},
  author				={Wang, Haidong and Naghavi, Mohsen and Allen, Christine and Barber, Ryan M and Bhutta, Zulfiqar A and Carter, Austin and Casey, Daniel C and Charlson, Fiona J and Chen, Alan Zian and Coates, Matthew M and others},
  journal				={Lancet},
  volume				={388},
  pages					={1459--1544},
  year					={2016},
  publisher				={Elsevier}
}

@article{ware1987standards,
  title					={Standards for validating health measures: definition and content},
  author				={Ware Jr, John E},
  journal				={J Chronic Dis},
  volume				={40},
  number				={6},
  pages					={473--480},
  year					={1987},
  publisher				={Elsevier}
}

@article{warren2002overview,
  title					={Overview of the SEER-Medicare data: content, research applications, and generalizability to the United States elderly population},
  author				={Warren, Joan L and Klabunde, Carrie N and Schrag, Deborah and Bach, Peter B and Riley, Gerald F},
  journal				={Med Care},
  volume				={40},
  pages					={IV--3},
  year					={2002},
  publisher				={LWW}
}

@article{watt2002inverse,
  title					={The inverse care law today},
  author				={Watt, Graham},
  journal				={Lancet},
  volume				={360},
  pages					={252--254},
  year					={2002},
  publisher				={Elsevier}
}

@article{werblow2007population,
  title					={Population ageing and health care expenditure: a school of ‘red herrings’?},
  author				={Werblow, Andreas and Felder, Stefan and Zweifel, Peter},
  journal				={Health Econ},
  volume				={16},
  pages					={1109--1126},
  year					={2007},
  publisher				={Wiley Online Library}
}

@article{westergaard2019population,
  title					={Population-wide analysis of differences in disease progression patterns in men and women},
  author				={Westergaard, David and Moseley, Pope and S{\o}rup, Freja Karuna Hemmingsen and Baldi, Pierre and Brunak, S{\o}ren},
  journal				={Nat Commun},
  volume				={10},
  pages					={666},
  year					={2019},
  publisher				={Nature Publishing Group}
}

@article{white2015primary,
  title					={Primary health care and public health: foundations of universal health systems},
  author				={White, Franklin},
  journal				={Med Princ Pract},
  volume				={24},
  pages					={103--116},
  year					={2015},
  publisher				={Karger Publishers}
}

@book{who2016,
  title				={International Statistical Classification of Diseases and Related Health Problems},
  author			={WHO,.},
  year				={2016},
  publisher			={Available at www.who.int/classifications/icd/en/ }
}

@article{widerberg1998translating,
  title					={Translating Gender},
  author				={Widerberg, Karin},
  journal				={Nordic Journal of Women's Studies},
  volume				={6},
  pages					={133--138},
  year					={1998},
  publisher				={Taylor \& Francis}
}

@article{wilson2018medical,
  title					={Medical student attitudes towards older people: a critical review of quantitative measures},
  author				={Wilson, Mark AG and Kurrle, Susan and Wilson, Ian},
  journal				={BMC Res Notes},
  volume				={11},
  pages					={71},
  year					={2018},
  publisher				={BioMed Central}
}

@article{wisser2014sex,
  title					={The sex differential in mortality: a historical comparison of the adult-age pattern of the ratio and the difference},
  author				={Wisser, Oliver and Vaupel, James W},
  journal				={MPIDR Working Paper},
  year					={2014},
  institution			={Max Planck Institute for Demographic Research, Rostock, Germany}
}

@book{wood2006generalized,
  title					={Generalized additive models: an introduction with R},
  author				={Wood, Simon},
  year					={2006},
  publisher				={CRC press}
}

@book{who1946constitution,
  title					={The preamble of the constitution of the World Health Organization},
  author				={World Health Organization,.},
  year					={1946},
  publisher				={WHO}
}

@article{wyke1998gender,
  title					={Gender differences in consulting a general practitioner for common symptoms of minor illness},
  author				={Wyke, Sally and Hunt, Kate and Ford, Graeme},
  journal				={Soc Sci Med},
  volume				={46},
  pages					={901--906},
  year					={1998},
  publisher				={Elsevier}
}

@article{xie2013comparing,
  title					={Comparing statistical methods for analyzing skewed longitudinal count data with many zeros: An example of smoking cessation},
  author				={Xie, Haiyi and Tao, Jill and McHugo, Gregory J and Drake, Robert E},
  journal				={J Subst Abuse Treat},
  volume				={45},
  pages					={99--108},
  year					={2013}
}

@article{yang2012aging,
  title					={Aging and cancer mortality: Dynamics of change and sex differences},
  author				={Yang, Yang and Li, Ting and Nielsen, Matthew E},
  journal				={Exp Gerontol},
  volume				={47},
  pages					={695--705},
  year					={2012},
  publisher				={Elsevier}
}

@article{zarulli2018women,
  title					={Women live longer than men even during severe famines and epidemics},
  author				={Zarulli, Virginia and Jones, Julia A Barthold and Oksuzyan, Anna and Lindahl-Jacobsen, Rune and Christensen, Kaare and Vaupel, James W},
  journal				={Proc Natl Acad Sci USA},
  volume				={115},
  pages					={832--840},
  year					={2018}
}

@article{zhang2012age,
  title					={Age-specific gender differences in in-hospital mortality by type of acute myocardial infarction},
  author				={Zhang, Zefeng and Fang, Jing and Gillespie, Cathleen and Wang, Guijing and Hong, Yuling and Yoon, Paula W},
  journal				={Am J Cardiol},
  volume				={109},
  pages					={1097--1103},
  year					={2012}
}

@article{zwar2006role,
  title					={Role of the general practitioner in smoking cessation},
  author				={Zwar, Nicholas A and Zwar, Nicholas A and Richmond, Robyn L and Zwar, Nicholas A and Richmond, Robyn L},
  journal				={Drug Alcohol Rev},
  volume				={25},
  pages					={21--26},
  year					={2006}
}

@Comment{jabref-meta: databaseType:bibtex;}
